<?xml version="1.0" encoding="UTF-8"?>
<marc:collection xmlns:marc="http://www.loc.gov/MARC21/slim">
    <marc:record>
        <marc:leader>00000nam a2200000 a 4500</marc:leader>
        <marc:controlfield tag="001">CG_562_2024-05-07T23:29:17.403Z</marc:controlfield>
        <marc:controlfield tag="003">DE-101</marc:controlfield>
        <marc:datafield ind2=" " ind1=" " tag="035">
            <marc:subfield code="a">(AT-OBV)990000009120203331</marc:subfield>
            <marc:subfield code="8">8\p</marc:subfield>
        </marc:datafield>
        <marc:datafield ind2=" " ind1=" " tag="035">
            <marc:subfield code="a">(DE-101)941881032</marc:subfield>
            <marc:subfield code="8">7\p</marc:subfield>
        </marc:datafield>
        <marc:datafield ind2=" " ind1=" " tag="035">
            <marc:subfield code="a">(DE-602)b3kat_BV009790132</marc:subfield>
            <marc:subfield code="8">12\p</marc:subfield>
        </marc:datafield>
        <marc:datafield ind2=" " ind1=" " tag="035">
            <marc:subfield code="a">(DE-602)gbv_163902283</marc:subfield>
            <marc:subfield code="8">10\p</marc:subfield>
        </marc:datafield>
        <marc:datafield ind2=" " ind1=" " tag="035">
            <marc:subfield code="a">(DE-602)gbv_273136453</marc:subfield>
            <marc:subfield code="8">3\p</marc:subfield>
        </marc:datafield>
        <marc:datafield ind2=" " ind1=" " tag="035">
            <marc:subfield code="a">(DE-602)kobvindex_MMZa0062983</marc:subfield>
            <marc:subfield code="8">1\p</marc:subfield>
        </marc:datafield>
        <marc:datafield ind2=" " ind1=" " tag="035">
            <marc:subfield code="a">(DE-602)kobvindex_ZLB00048198</marc:subfield>
            <marc:subfield code="8">4\p</marc:subfield>
        </marc:datafield>
        <marc:datafield ind2=" " ind1=" " tag="035">
            <marc:subfield code="a">(DE-603)031154247</marc:subfield>
            <marc:subfield code="8">6\p</marc:subfield>
        </marc:datafield>
        <marc:datafield ind2=" " ind1=" " tag="035">
            <marc:subfield code="a">(DE-604)BV009790132</marc:subfield>
            <marc:subfield code="8">11\p</marc:subfield>
        </marc:datafield>
        <marc:datafield ind2=" " ind1=" " tag="035">
            <marc:subfield code="a">(DE-605)990067531130206441</marc:subfield>
            <marc:subfield code="8">5\p</marc:subfield>
        </marc:datafield>
        <marc:datafield ind2=" " ind1=" " tag="035">
            <marc:subfield code="a">(DE-627)163902283</marc:subfield>
            <marc:subfield code="8">9\p</marc:subfield>
        </marc:datafield>
        <marc:datafield ind2=" " ind1=" " tag="035">
            <marc:subfield code="a">(DE-627)273136453</marc:subfield>
            <marc:subfield code="8">2\p</marc:subfield>
        </marc:datafield>
        <marc:datafield ind2=" " ind1="0" tag="082">
            <marc:subfield code="a">324.2403</marc:subfield>
            <marc:subfield code="b">P471v</marc:subfield>
            <marc:subfield code="2">20</marc:subfield>
            <marc:subfield code="8">11\p</marc:subfield>
            <marc:subfield code="8">12\p</marc:subfield>
        </marc:datafield>
        <marc:datafield ind2=" " ind1="0" tag="082">
            <marc:subfield code="a">324.2403</marc:subfield>
            <marc:subfield code="8">9\p</marc:subfield>
            <marc:subfield code="8">10\p</marc:subfield>
        </marc:datafield>
        <marc:datafield ind2="4" ind1="0" tag="082">
            <marc:subfield code="a">14</marc:subfield>
            <marc:subfield code="q">dnb</marc:subfield>
            <marc:subfield code="8">9\p</marc:subfield>
            <marc:subfield code="8">10\p</marc:subfield>
        </marc:datafield>
        <marc:datafield ind2=" " ind1="7" tag="082">
            <marc:subfield code="a">324.2403</marc:subfield>
            <marc:subfield code="2">20/oclc</marc:subfield>
            <marc:subfield code="8">6\p</marc:subfield>
        </marc:datafield>
        <marc:datafield ind2=" " ind1=" " tag="084">
            <marc:subfield code="a">MG 11380</marc:subfield>
            <marc:subfield code="0">(DE-625)122817:12126</marc:subfield>
            <marc:subfield code="0">(DE-603)410454222</marc:subfield>
            <marc:subfield code="2">rvk</marc:subfield>
            <marc:subfield code="8">6\p</marc:subfield>
        </marc:datafield>
        <marc:datafield ind2=" " ind1=" " tag="084">
            <marc:subfield code="a">MF 3390</marc:subfield>
            <marc:subfield code="0">(DE-625)122710:</marc:subfield>
            <marc:subfield code="2">rvk</marc:subfield>
            <marc:subfield code="8">11\p</marc:subfield>
            <marc:subfield code="8">12\p</marc:subfield>
        </marc:datafield>
        <marc:datafield ind2=" " ind1=" " tag="084">
            <marc:subfield code="a">MG 11380</marc:subfield>
            <marc:subfield code="0">(DE-625)122817:12126</marc:subfield>
            <marc:subfield code="2">rvk</marc:subfield>
            <marc:subfield code="8">11\p</marc:subfield>
            <marc:subfield code="8">12\p</marc:subfield>
        </marc:datafield>
        <marc:datafield ind2=" " ind1=" " tag="084">
            <marc:subfield code="a">MC 7200</marc:subfield>
            <marc:subfield code="2">rvk</marc:subfield>
            <marc:subfield code="0">(DE-625)rvk/122417:</marc:subfield>
            <marc:subfield code="8">9\p</marc:subfield>
            <marc:subfield code="8">10\p</marc:subfield>
        </marc:datafield>
        <marc:datafield ind2=" " ind1=" " tag="084">
            <marc:subfield code="a">89.10</marc:subfield>
            <marc:subfield code="2">bkl</marc:subfield>
            <marc:subfield code="8">8\p</marc:subfield>
            <marc:subfield code="8">9\p</marc:subfield>
            <marc:subfield code="8">10\p</marc:subfield>
        </marc:datafield>
        <marc:datafield ind2=" " ind1=" " tag="084">
            <marc:subfield code="a">89.21</marc:subfield>
            <marc:subfield code="2">bkl</marc:subfield>
            <marc:subfield code="8">8\p</marc:subfield>
            <marc:subfield code="8">9\p</marc:subfield>
            <marc:subfield code="8">10\p</marc:subfield>
        </marc:datafield>
        <marc:datafield ind2=" " ind1=" " tag="084">
            <marc:subfield code="a">c 75.3</marc:subfield>
            <marc:subfield code="2">ifzs</marc:subfield>
            <marc:subfield code="8">11\p</marc:subfield>
            <marc:subfield code="8">12\p</marc:subfield>
        </marc:datafield>
        <marc:datafield ind2=" " ind1=" " tag="084">
            <marc:subfield code="a">c 88</marc:subfield>
            <marc:subfield code="2">ifzs</marc:subfield>
            <marc:subfield code="8">11\p</marc:subfield>
            <marc:subfield code="8">12\p</marc:subfield>
        </marc:datafield>
        <marc:datafield ind2=" " ind1=" " tag="084">
            <marc:subfield code="a">MF 3390</marc:subfield>
            <marc:subfield code="2">rvk</marc:subfield>
            <marc:subfield code="8">8\p</marc:subfield>
        </marc:datafield>
        <marc:datafield ind2=" " ind1=" " tag="084">
            <marc:subfield code="a">MG 11380</marc:subfield>
            <marc:subfield code="2">rvk</marc:subfield>
            <marc:subfield code="8">8\p</marc:subfield>
        </marc:datafield>
        <marc:datafield ind2=" " ind1=" " tag="084">
            <marc:subfield code="a">16</marc:subfield>
            <marc:subfield code="a">14</marc:subfield>
            <marc:subfield code="2">sdnb</marc:subfield>
            <marc:subfield code="8">2\p</marc:subfield>
            <marc:subfield code="8">3\p</marc:subfield>
            <marc:subfield code="8">9\p</marc:subfield>
            <marc:subfield code="8">10\p</marc:subfield>
        </marc:datafield>
        <marc:datafield ind2=" " ind1=" " tag="084">
            <marc:subfield code="a">16</marc:subfield>
            <marc:subfield code="a">14</marc:subfield>
            <marc:subfield code="a">320</marc:subfield>
            <marc:subfield code="q">DE-101</marc:subfield>
            <marc:subfield code="2">sdnb</marc:subfield>
            <marc:subfield code="8">7\p</marc:subfield>
        </marc:datafield>
        <marc:datafield ind2=" " ind1=" " tag="084">
            <marc:subfield code="a">16</marc:subfield>
            <marc:subfield code="a">14</marc:subfield>
            <marc:subfield code="q">DE-101</marc:subfield>
            <marc:subfield code="2">sdnb</marc:subfield>
            <marc:subfield code="8">6\p</marc:subfield>
        </marc:datafield>
        <marc:datafield ind2=" " ind1=" " tag="084">
            <marc:subfield code="a">POL 145</marc:subfield>
            <marc:subfield code="2">sfb</marc:subfield>
            <marc:subfield code="8">9\p</marc:subfield>
            <marc:subfield code="8">10\p</marc:subfield>
        </marc:datafield>
        <marc:datafield ind2=" " ind1=" " tag="084">
            <marc:subfield code="a">POL 247</marc:subfield>
            <marc:subfield code="2">sfb</marc:subfield>
            <marc:subfield code="8">9\p</marc:subfield>
            <marc:subfield code="8">10\p</marc:subfield>
        </marc:datafield>
        <marc:datafield ind2=" " ind1=" " tag="084">
            <marc:subfield code="a">POL 290</marc:subfield>
            <marc:subfield code="2">sfb</marc:subfield>
            <marc:subfield code="8">9\p</marc:subfield>
            <marc:subfield code="8">10\p</marc:subfield>
        </marc:datafield>
        <marc:datafield ind2=" " ind1=" " tag="084">
            <marc:subfield code="a">POL 320</marc:subfield>
            <marc:subfield code="2">sfb</marc:subfield>
            <marc:subfield code="8">9\p</marc:subfield>
            <marc:subfield code="8">10\p</marc:subfield>
        </marc:datafield>
        <marc:datafield ind2=" " ind1=" " tag="084">
            <marc:subfield code="a">8.2b</marc:subfield>
            <marc:subfield code="q">DE-101</marc:subfield>
            <marc:subfield code="2">sswd</marc:subfield>
            <marc:subfield code="8">7\p</marc:subfield>
        </marc:datafield>
        <marc:datafield ind2=" " ind1=" " tag="084">
            <marc:subfield code="a">POL 450f</marc:subfield>
            <marc:subfield code="2">stub</marc:subfield>
            <marc:subfield code="8">11\p</marc:subfield>
            <marc:subfield code="8">12\p</marc:subfield>
        </marc:datafield>
        <marc:datafield ind2=" " ind1="1" tag="100">
            <marc:subfield code="a">Pfahl-Traughber, Armin</marc:subfield>
            <marc:subfield code="d">1963-</marc:subfield>
            <marc:subfield code="e">Verf.</marc:subfield>
            <marc:subfield code="0">(DE-588)113340567</marc:subfield>
            <marc:subfield code="0">(DE-627)561346119</marc:subfield>
            <marc:subfield code="0">(DE-576)170020207</marc:subfield>
            <marc:subfield code="4">aut</marc:subfield>
            <marc:subfield code="8">9\p</marc:subfield>
            <marc:subfield code="8">10\p</marc:subfield>
        </marc:datafield>
        <marc:datafield ind2=" " ind1="1" tag="100">
            <marc:subfield code="a">Pfahl-Traughber, Armin</marc:subfield>
            <marc:subfield code="d">1963-</marc:subfield>
            <marc:subfield code="0">(DE-588)113340567</marc:subfield>
            <marc:subfield code="4">aut</marc:subfield>
            <marc:subfield code="8">8\p</marc:subfield>
        </marc:datafield>
        <marc:datafield ind2=" " ind1="1" tag="100">
            <marc:subfield code="a">Pfahl-Traughber, Armin</marc:subfield>
            <marc:subfield code="4">aut</marc:subfield>
            <marc:subfield code="8">1\p</marc:subfield>
        </marc:datafield>
        <marc:datafield ind2="0" ind1=" " tag="650">
            <marc:subfield code="a">Conservatism</marc:subfield>
            <marc:subfield code="a">Europe</marc:subfield>
            <marc:subfield code="8">8\p</marc:subfield>
        </marc:datafield>
        <marc:datafield ind2="0" ind1=" " tag="650">
            <marc:subfield code="a">Political</marc:subfield>
            <marc:subfield code="a">Europe</marc:subfield>
            <marc:subfield code="8">8\p</marc:subfield>
        </marc:datafield>
        <marc:datafield ind2="0" ind1=" " tag="650">
            <marc:subfield code="a">Populism</marc:subfield>
            <marc:subfield code="a">Europe</marc:subfield>
            <marc:subfield code="8">8\p</marc:subfield>
        </marc:datafield>
        <marc:datafield ind2="0" ind1=" " tag="650">
            <marc:subfield code="a">Radicalism</marc:subfield>
            <marc:subfield code="a">Europe</marc:subfield>
            <marc:subfield code="8">8\p</marc:subfield>
        </marc:datafield>
        <marc:datafield ind2="4" ind1=" " tag="650">
            <marc:subfield code="a">Conservatism</marc:subfield>
            <marc:subfield code="z">Europe</marc:subfield>
            <marc:subfield code="8">11\p</marc:subfield>
            <marc:subfield code="8">12\p</marc:subfield>
        </marc:datafield>
        <marc:datafield ind2="4" ind1=" " tag="650">
            <marc:subfield code="a">Political parties</marc:subfield>
            <marc:subfield code="z">Europe</marc:subfield>
            <marc:subfield code="8">11\p</marc:subfield>
            <marc:subfield code="8">12\p</marc:subfield>
        </marc:datafield>
        <marc:datafield ind2="4" ind1=" " tag="650">
            <marc:subfield code="a">Populism</marc:subfield>
            <marc:subfield code="z">Europe</marc:subfield>
            <marc:subfield code="8">11\p</marc:subfield>
            <marc:subfield code="8">12\p</marc:subfield>
        </marc:datafield>
        <marc:datafield ind2="4" ind1=" " tag="650">
            <marc:subfield code="a">Radicalism</marc:subfield>
            <marc:subfield code="z">Europe</marc:subfield>
            <marc:subfield code="8">11\p</marc:subfield>
            <marc:subfield code="8">12\p</marc:subfield>
        </marc:datafield>
        <marc:datafield ind2="4" ind1=" " tag="650">
            <marc:subfield code="a">Radikalismus</marc:subfield>
            <marc:subfield code="8">11\p</marc:subfield>
            <marc:subfield code="8">12\p</marc:subfield>
        </marc:datafield>
        <marc:datafield ind2="7" ind1=" " tag="650">
            <marc:subfield code="0">(DE-588)7580659-9</marc:subfield>
            <marc:subfield code="0">https://d-nb.info/gnd/7580659-9</marc:subfield>
            <marc:subfield code="0">(DE-101)985576723</marc:subfield>
            <marc:subfield code="a">Rechtspopulismus</marc:subfield>
            <marc:subfield code="9">rswk-swf</marc:subfield>
            <marc:subfield code="2">gnd</marc:subfield>
            <marc:subfield code="8">7\p</marc:subfield>
        </marc:datafield>
        <marc:datafield ind2="7" ind1=" " tag="650">
            <marc:subfield code="a">Rechtspartei</marc:subfield>
            <marc:subfield code="0">(DE-588)4121567-9</marc:subfield>
            <marc:subfield code="0">(DE-603)085393754</marc:subfield>
            <marc:subfield code="2">gnd</marc:subfield>
            <marc:subfield code="8">6\p</marc:subfield>
        </marc:datafield>
        <marc:datafield ind2="7" ind1=" " tag="650">
            <marc:subfield code="a">Rechtspopulismus</marc:subfield>
            <marc:subfield code="0">(DE-609)00915322</marc:subfield>
            <marc:subfield code="0">(DE-588)7580659-9</marc:subfield>
            <marc:subfield code="2">gnd</marc:subfield>
            <marc:subfield code="8">4\p</marc:subfield>
        </marc:datafield>
        <marc:datafield ind2="7" ind1=" " tag="650">
            <marc:subfield code="a">Persönlichkeit, Politik</marc:subfield>
            <marc:subfield code="2">fes</marc:subfield>
            <marc:subfield code="8">11\p</marc:subfield>
            <marc:subfield code="8">12\p</marc:subfield>
        </marc:datafield>
        <marc:datafield ind2="7" ind1=" " tag="650">
            <marc:subfield code="a">Rechtspopulismus</marc:subfield>
            <marc:subfield code="2">fes</marc:subfield>
            <marc:subfield code="8">11\p</marc:subfield>
            <marc:subfield code="8">12\p</marc:subfield>
        </marc:datafield>
        <marc:datafield ind2="7" ind1=" " tag="650">
            <marc:subfield code="a">Rechtsradikale Partei</marc:subfield>
            <marc:subfield code="2">fes</marc:subfield>
            <marc:subfield code="8">11\p</marc:subfield>
            <marc:subfield code="8">12\p</marc:subfield>
        </marc:datafield>
        <marc:datafield ind2="7" ind1=" " tag="650">
            <marc:subfield code="a">Rechtsradikalismus</marc:subfield>
            <marc:subfield code="2">fes</marc:subfield>
            <marc:subfield code="8">11\p</marc:subfield>
            <marc:subfield code="8">12\p</marc:subfield>
        </marc:datafield>
        <marc:datafield ind2="7" ind1=" " tag="650">
            <marc:subfield code="a">Extremisme</marc:subfield>
            <marc:subfield code="2">gtt</marc:subfield>
            <marc:subfield code="8">11\p</marc:subfield>
            <marc:subfield code="8">12\p</marc:subfield>
        </marc:datafield>
        <marc:datafield ind2="7" ind1=" " tag="650">
            <marc:subfield code="a">Populisme</marc:subfield>
            <marc:subfield code="2">gtt</marc:subfield>
            <marc:subfield code="8">11\p</marc:subfield>
            <marc:subfield code="8">12\p</marc:subfield>
        </marc:datafield>
        <marc:datafield ind2="7" ind1=" " tag="650">
            <marc:subfield code="a">Rechts (politiek)</marc:subfield>
            <marc:subfield code="2">gtt</marc:subfield>
            <marc:subfield code="8">11\p</marc:subfield>
            <marc:subfield code="8">12\p</marc:subfield>
        </marc:datafield>
        <marc:datafield ind2="7" ind1="0" tag="650">
            <marc:subfield code="a">Rechtsradikalismus</marc:subfield>
            <marc:subfield code="0">(DE-588)4048829-9</marc:subfield>
            <marc:subfield code="2">gnd</marc:subfield>
            <marc:subfield code="9">rswk-swf</marc:subfield>
            <marc:subfield code="8">11\p</marc:subfield>
            <marc:subfield code="8">12\p</marc:subfield>
        </marc:datafield>
        <marc:datafield ind2="7" ind1="0" tag="650">
            <marc:subfield code="a">Rechtspartei</marc:subfield>
            <marc:subfield code="0">(DE-588)4121567-9</marc:subfield>
            <marc:subfield code="2">gnd</marc:subfield>
            <marc:subfield code="9">rswk-swf</marc:subfield>
            <marc:subfield code="8">11\p</marc:subfield>
            <marc:subfield code="8">12\p</marc:subfield>
        </marc:datafield>
        <marc:datafield ind2="7" ind1="0" tag="650">
            <marc:subfield code="a">Populismus</marc:subfield>
            <marc:subfield code="0">(DE-588)4129521-3</marc:subfield>
            <marc:subfield code="2">gnd</marc:subfield>
            <marc:subfield code="9">rswk-swf</marc:subfield>
            <marc:subfield code="8">11\p</marc:subfield>
            <marc:subfield code="8">12\p</marc:subfield>
        </marc:datafield>
        <marc:datafield ind2="4" ind1=" " tag="651">
            <marc:subfield code="a">Europa</marc:subfield>
            <marc:subfield code="8">11\p</marc:subfield>
            <marc:subfield code="8">12\p</marc:subfield>
        </marc:datafield>
        <marc:datafield ind2="7" ind1=" " tag="651">
            <marc:subfield code="a">Europa</marc:subfield>
            <marc:subfield code="0">(DE-588)4015701-5</marc:subfield>
            <marc:subfield code="2">gnd</marc:subfield>
            <marc:subfield code="9">rswk-swf</marc:subfield>
            <marc:subfield code="8">11\p</marc:subfield>
            <marc:subfield code="8">12\p</marc:subfield>
        </marc:datafield>
        <marc:datafield ind2="7" ind1=" " tag="651">
            <marc:subfield code="a">Westeuropa</marc:subfield>
            <marc:subfield code="2">fes</marc:subfield>
            <marc:subfield code="8">11\p</marc:subfield>
            <marc:subfield code="8">12\p</marc:subfield>
        </marc:datafield>
        <marc:datafield ind2="0" ind1=" " tag="653">
            <marc:subfield code="a">Conservatism</marc:subfield>
            <marc:subfield code="a">Europe</marc:subfield>
            <marc:subfield code="8">9\p</marc:subfield>
            <marc:subfield code="8">10\p</marc:subfield>
        </marc:datafield>
        <marc:datafield ind2="0" ind1=" " tag="653">
            <marc:subfield code="a">Political</marc:subfield>
            <marc:subfield code="a">Europe</marc:subfield>
            <marc:subfield code="8">9\p</marc:subfield>
            <marc:subfield code="8">10\p</marc:subfield>
        </marc:datafield>
        <marc:datafield ind2="0" ind1=" " tag="653">
            <marc:subfield code="a">Populism</marc:subfield>
            <marc:subfield code="a">Europe</marc:subfield>
            <marc:subfield code="8">9\p</marc:subfield>
            <marc:subfield code="8">10\p</marc:subfield>
        </marc:datafield>
        <marc:datafield ind2="0" ind1=" " tag="653">
            <marc:subfield code="a">Radicalism</marc:subfield>
            <marc:subfield code="a">Europe</marc:subfield>
            <marc:subfield code="8">9\p</marc:subfield>
            <marc:subfield code="8">10\p</marc:subfield>
        </marc:datafield>
        <marc:datafield ind2="7" ind1=" " tag="655">
            <marc:subfield code="a">Aufsatzsammlung</marc:subfield>
            <marc:subfield code="0">(DE-588)4143413-4</marc:subfield>
            <marc:subfield code="0">(DE-627)105605727</marc:subfield>
            <marc:subfield code="0">(DE-576)209726091</marc:subfield>
            <marc:subfield code="2">gnd-content</marc:subfield>
            <marc:subfield code="8">9\p</marc:subfield>
            <marc:subfield code="8">10\p</marc:subfield>
            <marc:subfield code="8">12\p</marc:subfield>
        </marc:datafield>
        <marc:datafield ind2=" " ind1=" " tag="688">
            <marc:subfield code="a">Europa</marc:subfield>
            <marc:subfield code="8">5\p</marc:subfield>
        </marc:datafield>
        <marc:datafield ind2=" " ind1=" " tag="688">
            <marc:subfield code="a">Fremdenfeindlichkeit</marc:subfield>
            <marc:subfield code="8">5\p</marc:subfield>
        </marc:datafield>
        <marc:datafield ind2=" " ind1=" " tag="688">
            <marc:subfield code="a">Neofaschismus</marc:subfield>
            <marc:subfield code="8">5\p</marc:subfield>
        </marc:datafield>
        <marc:datafield ind2=" " ind1=" " tag="688">
            <marc:subfield code="a">Populismus</marc:subfield>
            <marc:subfield code="8">5\p</marc:subfield>
        </marc:datafield>
        <marc:datafield ind2=" " ind1=" " tag="688">
            <marc:subfield code="a">Rechtsextremismus</marc:subfield>
            <marc:subfield code="8">5\p</marc:subfield>
        </marc:datafield>
        <marc:datafield ind2=" " ind1="0" tag="689">
            <marc:subfield code="5">(DE-627)</marc:subfield>
            <marc:subfield code="8">9\p</marc:subfield>
            <marc:subfield code="8">10\p</marc:subfield>
        </marc:datafield>
        <marc:datafield ind2=" " ind1="0" tag="689">
            <marc:subfield code="5">AT-OBV</marc:subfield>
            <marc:subfield code="5">VBKSOM UBS</marc:subfield>
            <marc:subfield code="8">8\p</marc:subfield>
        </marc:datafield>
        <marc:datafield ind2=" " ind1="0" tag="689">
            <marc:subfield code="5">DE-101</marc:subfield>
            <marc:subfield code="5">DE-101</marc:subfield>
            <marc:subfield code="8">7\p</marc:subfield>
        </marc:datafield>
        <marc:datafield ind2=" " ind1="0" tag="689">
            <marc:subfield code="5">DE-604</marc:subfield>
            <marc:subfield code="8">11\p</marc:subfield>
            <marc:subfield code="8">12\p</marc:subfield>
        </marc:datafield>
        <marc:datafield ind2="0" ind1="0" tag="689">
            <marc:subfield code="0">(DE-588)7580659-9</marc:subfield>
            <marc:subfield code="0">https://d-nb.info/gnd/7580659-9</marc:subfield>
            <marc:subfield code="0">(DE-101)985576723</marc:subfield>
            <marc:subfield code="D">s</marc:subfield>
            <marc:subfield code="a">Rechtspopulismus</marc:subfield>
            <marc:subfield code="8">7\p</marc:subfield>
        </marc:datafield>
        <marc:datafield ind2="0" ind1="0" tag="689">
            <marc:subfield code="D">g</marc:subfield>
            <marc:subfield code="0">(DE-588)4015701-5</marc:subfield>
            <marc:subfield code="0">(DE-627)104289007</marc:subfield>
            <marc:subfield code="0">(DE-576)208913092</marc:subfield>
            <marc:subfield code="a">Europa</marc:subfield>
            <marc:subfield code="2">gnd</marc:subfield>
            <marc:subfield code="8">9\p</marc:subfield>
            <marc:subfield code="8">10\p</marc:subfield>
        </marc:datafield>
        <marc:datafield ind2="0" ind1="0" tag="689">
            <marc:subfield code="a">Europa</marc:subfield>
            <marc:subfield code="D">g</marc:subfield>
            <marc:subfield code="0">(DE-588)4015701-5</marc:subfield>
            <marc:subfield code="8">8\p</marc:subfield>
            <marc:subfield code="8">11\p</marc:subfield>
            <marc:subfield code="8">12\p</marc:subfield>
        </marc:datafield>
        <marc:datafield ind2="0" ind1="0" tag="689">
            <marc:subfield code="a">Rechtspartei</marc:subfield>
            <marc:subfield code="D">s</marc:subfield>
            <marc:subfield code="0">(DE-588)4121567-9</marc:subfield>
            <marc:subfield code="8">5\p</marc:subfield>
        </marc:datafield>
        <marc:datafield ind2="0" ind1="0" tag="689">
            <marc:subfield code="0">(DE-588)7580659-9</marc:subfield>
            <marc:subfield code="D">s</marc:subfield>
            <marc:subfield code="a">Rechtspopulismus</marc:subfield>
            <marc:subfield code="5">DE-101</marc:subfield>
            <marc:subfield code="8">4\p</marc:subfield>
        </marc:datafield>
        <marc:datafield ind2="1" ind1="0" tag="689">
            <marc:subfield code="D">s</marc:subfield>
            <marc:subfield code="0">(DE-588)4048829-9</marc:subfield>
            <marc:subfield code="0">(DE-627)104325372</marc:subfield>
            <marc:subfield code="0">(DE-576)209079428</marc:subfield>
            <marc:subfield code="a">Rechtsradikalismus</marc:subfield>
            <marc:subfield code="2">gnd</marc:subfield>
            <marc:subfield code="8">9\p</marc:subfield>
            <marc:subfield code="8">10\p</marc:subfield>
        </marc:datafield>
        <marc:datafield ind2="1" ind1="0" tag="689">
            <marc:subfield code="a">Rechtsradikalismus</marc:subfield>
            <marc:subfield code="0">(DE-588)4048829-9</marc:subfield>
            <marc:subfield code="D">s</marc:subfield>
            <marc:subfield code="8">11\p</marc:subfield>
            <marc:subfield code="8">12\p</marc:subfield>
        </marc:datafield>
        <marc:datafield ind2="1" ind1="0" tag="689">
            <marc:subfield code="a">Rechtspartei</marc:subfield>
            <marc:subfield code="D">s</marc:subfield>
            <marc:subfield code="0">(DE-588)4121567-9</marc:subfield>
            <marc:subfield code="8">8\p</marc:subfield>
        </marc:datafield>
        <marc:datafield ind2=" " ind1="1" tag="689">
            <marc:subfield code="5">AT-OBV</marc:subfield>
            <marc:subfield code="5">VBKSOM</marc:subfield>
            <marc:subfield code="8">8\p</marc:subfield>
        </marc:datafield>
        <marc:datafield ind2=" " ind1="1" tag="689">
            <marc:subfield code="5">DE-604</marc:subfield>
            <marc:subfield code="8">11\p</marc:subfield>
            <marc:subfield code="8">12\p</marc:subfield>
        </marc:datafield>
        <marc:datafield ind2="0" ind1="1" tag="689">
            <marc:subfield code="a">Europa</marc:subfield>
            <marc:subfield code="D">g</marc:subfield>
            <marc:subfield code="0">(DE-588)4015701-5</marc:subfield>
            <marc:subfield code="8">8\p</marc:subfield>
        </marc:datafield>
        <marc:datafield ind2="0" ind1="1" tag="689">
            <marc:subfield code="a">Rechtspartei</marc:subfield>
            <marc:subfield code="0">(DE-588)4121567-9</marc:subfield>
            <marc:subfield code="D">s</marc:subfield>
            <marc:subfield code="8">11\p</marc:subfield>
            <marc:subfield code="8">12\p</marc:subfield>
        </marc:datafield>
        <marc:datafield ind2="1" ind1="1" tag="689">
            <marc:subfield code="a">Rechtspopulismus</marc:subfield>
            <marc:subfield code="D">s</marc:subfield>
            <marc:subfield code="0">(DE-588)7580659-9</marc:subfield>
            <marc:subfield code="8">8\p</marc:subfield>
        </marc:datafield>
        <marc:datafield ind2=" " ind1="2" tag="689">
            <marc:subfield code="5">DE-604</marc:subfield>
            <marc:subfield code="8">11\p</marc:subfield>
            <marc:subfield code="8">12\p</marc:subfield>
        </marc:datafield>
        <marc:datafield ind2="0" ind1="2" tag="689">
            <marc:subfield code="a">Europa</marc:subfield>
            <marc:subfield code="0">(DE-588)4015701-5</marc:subfield>
            <marc:subfield code="D">g</marc:subfield>
            <marc:subfield code="8">11\p</marc:subfield>
            <marc:subfield code="8">12\p</marc:subfield>
        </marc:datafield>
        <marc:datafield ind2="1" ind1="2" tag="689">
            <marc:subfield code="a">Rechtsradikalismus</marc:subfield>
            <marc:subfield code="0">(DE-588)4048829-9</marc:subfield>
            <marc:subfield code="D">s</marc:subfield>
            <marc:subfield code="8">11\p</marc:subfield>
            <marc:subfield code="8">12\p</marc:subfield>
        </marc:datafield>
        <marc:datafield ind2="2" ind1="2" tag="689">
            <marc:subfield code="a">Populismus</marc:subfield>
            <marc:subfield code="0">(DE-588)4129521-3</marc:subfield>
            <marc:subfield code="D">s</marc:subfield>
            <marc:subfield code="8">11\p</marc:subfield>
            <marc:subfield code="8">12\p</marc:subfield>
        </marc:datafield>
        <marc:datafield ind2=" " ind1="3" tag="689">
            <marc:subfield code="5">DE-604</marc:subfield>
            <marc:subfield code="8">11\p</marc:subfield>
            <marc:subfield code="8">12\p</marc:subfield>
        </marc:datafield>
        <marc:datafield ind2="0" ind1="3" tag="689">
            <marc:subfield code="a">Europa</marc:subfield>
            <marc:subfield code="0">(DE-588)4015701-5</marc:subfield>
            <marc:subfield code="D">g</marc:subfield>
            <marc:subfield code="8">11\p</marc:subfield>
            <marc:subfield code="8">12\p</marc:subfield>
        </marc:datafield>
        <marc:datafield ind2="1" ind1="3" tag="689">
            <marc:subfield code="a">Rechtspartei</marc:subfield>
            <marc:subfield code="0">(DE-588)4121567-9</marc:subfield>
            <marc:subfield code="D">s</marc:subfield>
            <marc:subfield code="8">11\p</marc:subfield>
            <marc:subfield code="8">12\p</marc:subfield>
        </marc:datafield>
        <marc:datafield ind2=" " ind1="1" tag="700">
            <marc:subfield code="0">(DE-588)113340567</marc:subfield>
            <marc:subfield code="0">https://d-nb.info/gnd/113340567</marc:subfield>
            <marc:subfield code="0">(DE-101)113340567</marc:subfield>
            <marc:subfield code="a">Pfahl-Traughber, Armin</marc:subfield>
            <marc:subfield code="d">1963-</marc:subfield>
            <marc:subfield code="e">Mitwirkender</marc:subfield>
            <marc:subfield code="4">ctb</marc:subfield>
            <marc:subfield code="2">gnd</marc:subfield>
            <marc:subfield code="8">7\p</marc:subfield>
        </marc:datafield>
        <marc:datafield ind2=" " ind1="1" tag="700">
            <marc:subfield code="a">Pfahl-Traughber, Armin</marc:subfield>
            <marc:subfield code="d">1963-</marc:subfield>
            <marc:subfield code="0">(DE-588)113340567</marc:subfield>
            <marc:subfield code="0">(DE-627)561346119</marc:subfield>
            <marc:subfield code="0">(DE-576)170020207</marc:subfield>
            <marc:subfield code="4">oth</marc:subfield>
            <marc:subfield code="8">2\p</marc:subfield>
            <marc:subfield code="8">3\p</marc:subfield>
        </marc:datafield>
        <marc:datafield ind2=" " ind1="1" tag="700">
            <marc:subfield code="a">Pfahl-Traughber, Armin</marc:subfield>
            <marc:subfield code="d">1963-</marc:subfield>
            <marc:subfield code="0">(DE-603)147739500</marc:subfield>
            <marc:subfield code="0">(DE-588)113340567</marc:subfield>
            <marc:subfield code="2">gnd</marc:subfield>
            <marc:subfield code="8">6\p</marc:subfield>
        </marc:datafield>
        <marc:datafield ind2=" " ind1="1" tag="700">
            <marc:subfield code="0">(DE-588)113340567</marc:subfield>
            <marc:subfield code="0">(DE-609)12271979</marc:subfield>
            <marc:subfield code="a">Pfahl-Traughber, Armin</marc:subfield>
            <marc:subfield code="4">oth</marc:subfield>
            <marc:subfield code="8">4\p</marc:subfield>
        </marc:datafield>
        <marc:datafield ind2=" " ind1="1" tag="700">
            <marc:subfield code="a">Pfahl-Traughber, Armin</marc:subfield>
            <marc:subfield code="d">1963-</marc:subfield>
            <marc:subfield code="0">(DE-588)113340567</marc:subfield>
            <marc:subfield code="4">oth</marc:subfield>
            <marc:subfield code="e">Sonstige</marc:subfield>
            <marc:subfield code="8">5\p</marc:subfield>
            <marc:subfield code="8">11\p</marc:subfield>
            <marc:subfield code="8">12\p</marc:subfield>
        </marc:datafield>
    </marc:record>