
    <marc:record>
        <marc:leader>00000nam a2200000 a 4500</marc:leader>
        <marc:controlfield tag="001">CG_218667_2025-06-04T08:01:48.946Z</marc:controlfield>
        <marc:controlfield tag="003">DE-101</marc:controlfield>
        <marc:datafield ind2=" " ind1=" " tag="035">
            <marc:subfield code="a">(AT-OBV)990004543000203331</marc:subfield>
            <marc:subfield code="8">24\p</marc:subfield>
        </marc:datafield>
        <marc:datafield ind2=" " ind1=" " tag="035">
            <marc:subfield code="a">(AT-OBV)990011132250203331</marc:subfield>
            <marc:subfield code="8">30\p</marc:subfield>
        </marc:datafield>
        <marc:datafield ind2=" " ind1=" " tag="035">
            <marc:subfield code="a">(AT-OBV)990119931990203331</marc:subfield>
            <marc:subfield code="8">13\p</marc:subfield>
        </marc:datafield>
        <marc:datafield ind2=" " ind1=" " tag="035">
            <marc:subfield code="a">(DE-101)1013955021</marc:subfield>
            <marc:subfield code="8">28\p</marc:subfield>
        </marc:datafield>
        <marc:datafield ind2=" " ind1=" " tag="035">
            <marc:subfield code="a">(DE-101)1019680709</marc:subfield>
            <marc:subfield code="8">10\p</marc:subfield>
        </marc:datafield>
        <marc:datafield ind2=" " ind1=" " tag="035">
            <marc:subfield code="a">(DE-101)800413512</marc:subfield>
            <marc:subfield code="8">31\p</marc:subfield>
        </marc:datafield>
        <marc:datafield ind2=" " ind1=" " tag="035">
            <marc:subfield code="a">(DE-602)b3kat_BV003072705</marc:subfield>
            <marc:subfield code="8">58\p</marc:subfield>
        </marc:datafield>
        <marc:datafield ind2=" " ind1=" " tag="035">
            <marc:subfield code="a">(DE-602)b3kat_BV005799533</marc:subfield>
            <marc:subfield code="8">54\p</marc:subfield>
        </marc:datafield>
        <marc:datafield ind2=" " ind1=" " tag="035">
            <marc:subfield code="a">(DE-602)b3kat_BV024975548</marc:subfield>
            <marc:subfield code="8">40\p</marc:subfield>
        </marc:datafield>
        <marc:datafield ind2=" " ind1=" " tag="035">
            <marc:subfield code="a">(DE-602)b3kat_BV024980184</marc:subfield>
            <marc:subfield code="8">36\p</marc:subfield>
        </marc:datafield>
        <marc:datafield ind2=" " ind1=" " tag="035">
            <marc:subfield code="a">(DE-602)b3kat_BV042414796</marc:subfield>
            <marc:subfield code="8">48\p</marc:subfield>
        </marc:datafield>
        <marc:datafield ind2=" " ind1=" " tag="035">
            <marc:subfield code="a">(DE-602)b3kat_BV042423896</marc:subfield>
            <marc:subfield code="8">63\p</marc:subfield>
        </marc:datafield>
        <marc:datafield ind2=" " ind1=" " tag="035">
            <marc:subfield code="a">(DE-602)gbv_023292172</marc:subfield>
            <marc:subfield code="8">35\p</marc:subfield>
        </marc:datafield>
        <marc:datafield ind2=" " ind1=" " tag="035">
            <marc:subfield code="a">(DE-602)gbv_027548252</marc:subfield>
            <marc:subfield code="8">52\p</marc:subfield>
        </marc:datafield>
        <marc:datafield ind2=" " ind1=" " tag="035">
            <marc:subfield code="a">(DE-602)gbv_436647389</marc:subfield>
            <marc:subfield code="8">1\p</marc:subfield>
        </marc:datafield>
        <marc:datafield ind2=" " ind1=" " tag="035">
            <marc:subfield code="a">(DE-603)02119002X</marc:subfield>
            <marc:subfield code="8">19\p</marc:subfield>
        </marc:datafield>
        <marc:datafield ind2=" " ind1=" " tag="035">
            <marc:subfield code="a">(DE-603)02416948X</marc:subfield>
            <marc:subfield code="8">27\p</marc:subfield>
        </marc:datafield>
        <marc:datafield ind2=" " ind1=" " tag="035">
            <marc:subfield code="a">(DE-603)356322289</marc:subfield>
            <marc:subfield code="8">16\p</marc:subfield>
        </marc:datafield>
        <marc:datafield ind2=" " ind1=" " tag="035">
            <marc:subfield code="a">(DE-604)BV003072705</marc:subfield>
            <marc:subfield code="8">55\p</marc:subfield>
        </marc:datafield>
        <marc:datafield ind2=" " ind1=" " tag="035">
            <marc:subfield code="a">(DE-604)BV005799533</marc:subfield>
            <marc:subfield code="8">53\p</marc:subfield>
        </marc:datafield>
        <marc:datafield ind2=" " ind1=" " tag="035">
            <marc:subfield code="a">(DE-604)BV019096866</marc:subfield>
            <marc:subfield code="8">25\p</marc:subfield>
        </marc:datafield>
        <marc:datafield ind2=" " ind1=" " tag="035">
            <marc:subfield code="a">(DE-604)BV042414796</marc:subfield>
            <marc:subfield code="8">44\p</marc:subfield>
        </marc:datafield>
        <marc:datafield ind2=" " ind1=" " tag="035">
            <marc:subfield code="a">(DE-604)BV042423896</marc:subfield>
            <marc:subfield code="8">60\p</marc:subfield>
        </marc:datafield>
        <marc:datafield ind2=" " ind1=" " tag="035">
            <marc:subfield code="a">(DE-605)990060542610206441</marc:subfield>
            <marc:subfield code="8">14\p</marc:subfield>
        </marc:datafield>
        <marc:datafield ind2=" " ind1=" " tag="035">
            <marc:subfield code="a">(DE-605)990064255440206441</marc:subfield>
            <marc:subfield code="8">7\p</marc:subfield>
        </marc:datafield>
        <marc:datafield ind2=" " ind1=" " tag="035">
            <marc:subfield code="a">(DE-605)990065444190206441</marc:subfield>
            <marc:subfield code="8">3\p</marc:subfield>
        </marc:datafield>
        <marc:datafield ind2=" " ind1=" " tag="035">
            <marc:subfield code="a">(DE-605)990366954400206441</marc:subfield>
            <marc:subfield code="8">4\p</marc:subfield>
        </marc:datafield>
        <marc:datafield ind2=" " ind1=" " tag="035">
            <marc:subfield code="a">(DE-605)99371186211706441</marc:subfield>
            <marc:subfield code="8">2\p</marc:subfield>
        </marc:datafield>
        <marc:datafield ind2=" " ind1=" " tag="035">
            <marc:subfield code="a">(DE-627)023292172</marc:subfield>
            <marc:subfield code="8">34\p</marc:subfield>
        </marc:datafield>
        <marc:datafield ind2=" " ind1=" " tag="035">
            <marc:subfield code="a">(DE-627)027548252</marc:subfield>
            <marc:subfield code="8">57\p</marc:subfield>
        </marc:datafield>
        <marc:datafield ind2=" " ind1=" " tag="035">
            <marc:subfield code="a">(DE-627)1154955680</marc:subfield>
            <marc:subfield code="8">12\p</marc:subfield>
        </marc:datafield>
        <marc:datafield ind2=" " ind1=" " tag="035">
            <marc:subfield code="a">(DE-627)1655379828</marc:subfield>
            <marc:subfield code="8">15\p</marc:subfield>
        </marc:datafield>
        <marc:datafield ind2=" " ind1=" " tag="035">
            <marc:subfield code="a">(DE-627)174997651X</marc:subfield>
            <marc:subfield code="8">21\p</marc:subfield>
        </marc:datafield>
        <marc:datafield ind2=" " ind1=" " tag="035">
            <marc:subfield code="a">(DE-627)1771176636</marc:subfield>
            <marc:subfield code="8">8\p</marc:subfield>
        </marc:datafield>
        <marc:datafield ind2=" " ind1=" " tag="035">
            <marc:subfield code="a">(DE-627)749265876</marc:subfield>
            <marc:subfield code="8">5\p</marc:subfield>
        </marc:datafield>
        <marc:datafield ind2=" " ind1="0" tag="082">
            <marc:subfield code="a">515.35</marc:subfield>
            <marc:subfield code="2">23</marc:subfield>
            <marc:subfield code="8">15\p</marc:subfield>
        </marc:datafield>
        <marc:datafield ind2=" " ind1="0" tag="082">
            <marc:subfield code="a">515.353</marc:subfield>
            <marc:subfield code="2">23</marc:subfield>
            <marc:subfield code="8">13\p</marc:subfield>
            <marc:subfield code="8">60\p</marc:subfield>
            <marc:subfield code="8">63\p</marc:subfield>
        </marc:datafield>
        <marc:datafield ind2=" " ind1="0" tag="082">
            <marc:subfield code="a">530</marc:subfield>
            <marc:subfield code="2">23</marc:subfield>
            <marc:subfield code="8">5\p</marc:subfield>
            <marc:subfield code="8">44\p</marc:subfield>
            <marc:subfield code="8">48\p</marc:subfield>
        </marc:datafield>
        <marc:datafield ind2=" " ind1="0" tag="082">
            <marc:subfield code="a">530.124</marc:subfield>
            <marc:subfield code="2">23</marc:subfield>
            <marc:subfield code="8">21\p</marc:subfield>
        </marc:datafield>
        <marc:datafield ind2=" " ind1="0" tag="082">
            <marc:subfield code="a">515.353</marc:subfield>
            <marc:subfield code="8">15\p</marc:subfield>
        </marc:datafield>
        <marc:datafield ind2=" " ind1="0" tag="082">
            <marc:subfield code="a">530.1'24</marc:subfield>
            <marc:subfield code="8">57\p</marc:subfield>
        </marc:datafield>
        <marc:datafield ind2=" " ind1="0" tag="082">
            <marc:subfield code="a">530.1/24</marc:subfield>
            <marc:subfield code="8">57\p</marc:subfield>
        </marc:datafield>
        <marc:datafield ind2=" " ind1="0" tag="082">
            <marc:subfield code="a">530.1/24</marc:subfield>
            <marc:subfield code="q">OCLC</marc:subfield>
            <marc:subfield code="8">34\p</marc:subfield>
            <marc:subfield code="8">35\p</marc:subfield>
            <marc:subfield code="8">58\p</marc:subfield>
        </marc:datafield>
        <marc:datafield ind2=" " ind1="0" tag="082">
            <marc:subfield code="a">530.124</marc:subfield>
            <marc:subfield code="8">53\p</marc:subfield>
            <marc:subfield code="8">54\p</marc:subfield>
            <marc:subfield code="8">57\p</marc:subfield>
        </marc:datafield>
        <marc:datafield ind2="4" ind1="0" tag="082">
            <marc:subfield code="a">515.353</marc:subfield>
            <marc:subfield code="2">23</marc:subfield>
            <marc:subfield code="8">4\p</marc:subfield>
        </marc:datafield>
        <marc:datafield ind2="4" ind1="0" tag="082">
            <marc:subfield code="a">530.12</marc:subfield>
            <marc:subfield code="2">23</marc:subfield>
            <marc:subfield code="8">2\p</marc:subfield>
        </marc:datafield>
        <marc:datafield ind2=" " ind1="7" tag="082">
            <marc:subfield code="8">20\p</marc:subfield>
            <marc:subfield code="a">530.124</marc:subfield>
            <marc:subfield code="2">20/oclc</marc:subfield>
            <marc:subfield code="8">19\p</marc:subfield>
        </marc:datafield>
        <marc:datafield ind2=" " ind1=" " tag="084">
            <marc:subfield code="a">SD 1976</marc:subfield>
            <marc:subfield code="0">(DE-625)142710:</marc:subfield>
            <marc:subfield code="0">(DE-603)412296160</marc:subfield>
            <marc:subfield code="2">rvk</marc:subfield>
            <marc:subfield code="8">27\p</marc:subfield>
        </marc:datafield>
        <marc:datafield ind2=" " ind1=" " tag="084">
            <marc:subfield code="a">SK 950</marc:subfield>
            <marc:subfield code="0">(DE-625)143273:</marc:subfield>
            <marc:subfield code="0">(DE-603)412307596</marc:subfield>
            <marc:subfield code="2">rvk</marc:subfield>
            <marc:subfield code="8">19\p</marc:subfield>
        </marc:datafield>
        <marc:datafield ind2=" " ind1=" " tag="084">
            <marc:subfield code="a">UK 1100</marc:subfield>
            <marc:subfield code="0">(DE-625)145791:</marc:subfield>
            <marc:subfield code="0">(DE-603)412612682</marc:subfield>
            <marc:subfield code="2">rvk</marc:subfield>
            <marc:subfield code="8">27\p</marc:subfield>
        </marc:datafield>
        <marc:datafield ind2=" " ind1=" " tag="084">
            <marc:subfield code="a">UK 1200</marc:subfield>
            <marc:subfield code="0">(DE-625)145792:</marc:subfield>
            <marc:subfield code="0">(DE-603)412612690</marc:subfield>
            <marc:subfield code="2">rvk</marc:subfield>
            <marc:subfield code="8">19\p</marc:subfield>
            <marc:subfield code="8">27\p</marc:subfield>
        </marc:datafield>
        <marc:datafield ind2=" " ind1=" " tag="084">
            <marc:subfield code="a">UK 3000</marc:subfield>
            <marc:subfield code="0">(DE-625)145799:</marc:subfield>
            <marc:subfield code="0">(DE-603)412612763</marc:subfield>
            <marc:subfield code="2">rvk</marc:subfield>
            <marc:subfield code="8">19\p</marc:subfield>
        </marc:datafield>
        <marc:datafield ind2=" " ind1=" " tag="084">
            <marc:subfield code="a">UO 1090</marc:subfield>
            <marc:subfield code="0">(DE-625)146197:</marc:subfield>
            <marc:subfield code="0">(DE-603)412616807</marc:subfield>
            <marc:subfield code="2">rvk</marc:subfield>
            <marc:subfield code="8">27\p</marc:subfield>
        </marc:datafield>
        <marc:datafield ind2=" " ind1=" " tag="084">
            <marc:subfield code="a">SD 1976</marc:subfield>
            <marc:subfield code="0">(DE-625)142710:</marc:subfield>
            <marc:subfield code="2">rvk</marc:subfield>
            <marc:subfield code="8">25\p</marc:subfield>
            <marc:subfield code="8">55\p</marc:subfield>
            <marc:subfield code="8">58\p</marc:subfield>
        </marc:datafield>
        <marc:datafield ind2=" " ind1=" " tag="084">
            <marc:subfield code="a">SK 540</marc:subfield>
            <marc:subfield code="0">(DE-625)143245:</marc:subfield>
            <marc:subfield code="2">rvk</marc:subfield>
            <marc:subfield code="8">40\p</marc:subfield>
            <marc:subfield code="8">53\p</marc:subfield>
            <marc:subfield code="8">54\p</marc:subfield>
        </marc:datafield>
        <marc:datafield ind2=" " ind1=" " tag="084">
            <marc:subfield code="a">SK 950</marc:subfield>
            <marc:subfield code="0">(DE-625)143273:</marc:subfield>
            <marc:subfield code="2">rvk</marc:subfield>
            <marc:subfield code="8">53\p</marc:subfield>
            <marc:subfield code="8">54\p</marc:subfield>
        </marc:datafield>
        <marc:datafield ind2=" " ind1=" " tag="084">
            <marc:subfield code="a">UK 1200</marc:subfield>
            <marc:subfield code="0">(DE-625)145792:</marc:subfield>
            <marc:subfield code="2">rvk</marc:subfield>
            <marc:subfield code="8">53\p</marc:subfield>
            <marc:subfield code="8">54\p</marc:subfield>
        </marc:datafield>
        <marc:datafield ind2=" " ind1=" " tag="084">
            <marc:subfield code="a">UK 3000</marc:subfield>
            <marc:subfield code="0">(DE-625)145799:</marc:subfield>
            <marc:subfield code="2">rvk</marc:subfield>
            <marc:subfield code="8">53\p</marc:subfield>
            <marc:subfield code="8">54\p</marc:subfield>
        </marc:datafield>
        <marc:datafield ind2=" " ind1=" " tag="084">
            <marc:subfield code="a">UO 1090</marc:subfield>
            <marc:subfield code="0">(DE-625)146197:</marc:subfield>
            <marc:subfield code="2">rvk</marc:subfield>
            <marc:subfield code="8">25\p</marc:subfield>
            <marc:subfield code="8">55\p</marc:subfield>
            <marc:subfield code="8">58\p</marc:subfield>
        </marc:datafield>
        <marc:datafield ind2=" " ind1=" " tag="084">
            <marc:subfield code="a">SD 1976</marc:subfield>
            <marc:subfield code="2">rvk</marc:subfield>
            <marc:subfield code="0">(DE-625)rvk/142710:</marc:subfield>
            <marc:subfield code="8">34\p</marc:subfield>
            <marc:subfield code="8">35\p</marc:subfield>
        </marc:datafield>
        <marc:datafield ind2=" " ind1=" " tag="084">
            <marc:subfield code="a">SK 540</marc:subfield>
            <marc:subfield code="2">rvk</marc:subfield>
            <marc:subfield code="0">(DE-625)rvk/143245:</marc:subfield>
            <marc:subfield code="8">57\p</marc:subfield>
        </marc:datafield>
        <marc:datafield ind2=" " ind1=" " tag="084">
            <marc:subfield code="a">SK 950</marc:subfield>
            <marc:subfield code="2">rvk</marc:subfield>
            <marc:subfield code="0">(DE-625)rvk/143273:</marc:subfield>
            <marc:subfield code="8">52\p</marc:subfield>
            <marc:subfield code="8">57\p</marc:subfield>
        </marc:datafield>
        <marc:datafield ind2=" " ind1=" " tag="084">
            <marc:subfield code="a">UK 1200</marc:subfield>
            <marc:subfield code="2">rvk</marc:subfield>
            <marc:subfield code="0">(DE-625)rvk/145792:</marc:subfield>
            <marc:subfield code="8">34\p</marc:subfield>
            <marc:subfield code="8">35\p</marc:subfield>
        </marc:datafield>
        <marc:datafield ind2=" " ind1=" " tag="084">
            <marc:subfield code="a">UK 2000</marc:subfield>
            <marc:subfield code="2">rvk</marc:subfield>
            <marc:subfield code="0">(DE-625)rvk/145798:</marc:subfield>
            <marc:subfield code="8">57\p</marc:subfield>
        </marc:datafield>
        <marc:datafield ind2=" " ind1=" " tag="084">
            <marc:subfield code="a">UK 3000</marc:subfield>
            <marc:subfield code="2">rvk</marc:subfield>
            <marc:subfield code="0">(DE-625)rvk/145799:</marc:subfield>
            <marc:subfield code="8">12\p</marc:subfield>
            <marc:subfield code="8">52\p</marc:subfield>
            <marc:subfield code="8">57\p</marc:subfield>
        </marc:datafield>
        <marc:datafield ind2=" " ind1=" " tag="084">
            <marc:subfield code="a">UO 1090</marc:subfield>
            <marc:subfield code="2">rvk</marc:subfield>
            <marc:subfield code="0">(DE-625)rvk/146197:</marc:subfield>
            <marc:subfield code="8">34\p</marc:subfield>
            <marc:subfield code="8">35\p</marc:subfield>
        </marc:datafield>
        <marc:datafield ind2=" " ind1=" " tag="084">
            <marc:subfield code="a">31.45</marc:subfield>
            <marc:subfield code="2">bkl</marc:subfield>
            <marc:subfield code="8">24\p</marc:subfield>
        </marc:datafield>
        <marc:datafield ind2=" " ind1=" " tag="084">
            <marc:subfield code="a">31.46</marc:subfield>
            <marc:subfield code="2">bkl</marc:subfield>
            <marc:subfield code="8">24\p</marc:subfield>
        </marc:datafield>
        <marc:datafield ind2=" " ind1=" " tag="084">
            <marc:subfield code="a">31.47</marc:subfield>
            <marc:subfield code="2">bkl</marc:subfield>
            <marc:subfield code="8">24\p</marc:subfield>
        </marc:datafield>
        <marc:datafield ind2=" " ind1=" " tag="084">
            <marc:subfield code="a">33.23</marc:subfield>
            <marc:subfield code="2">bkl</marc:subfield>
            <marc:subfield code="8">24\p</marc:subfield>
            <marc:subfield code="8">30\p</marc:subfield>
            <marc:subfield code="8">52\p</marc:subfield>
            <marc:subfield code="8">57\p</marc:subfield>
        </marc:datafield>
        <marc:datafield ind2=" " ind1=" " tag="084">
            <marc:subfield code="a">*35-01</marc:subfield>
            <marc:subfield code="2">msc</marc:subfield>
            <marc:subfield code="8">52\p</marc:subfield>
            <marc:subfield code="8">57\p</marc:subfield>
        </marc:datafield>
        <marc:datafield ind2=" " ind1=" " tag="084">
            <marc:subfield code="a">35J10</marc:subfield>
            <marc:subfield code="2">msc</marc:subfield>
            <marc:subfield code="8">7\p</marc:subfield>
            <marc:subfield code="8">24\p</marc:subfield>
            <marc:subfield code="8">52\p</marc:subfield>
            <marc:subfield code="8">57\p</marc:subfield>
        </marc:datafield>
        <marc:datafield ind2=" " ind1=" " tag="084">
            <marc:subfield code="a">35P05</marc:subfield>
            <marc:subfield code="2">msc</marc:subfield>
            <marc:subfield code="8">24\p</marc:subfield>
        </marc:datafield>
        <marc:datafield ind2=" " ind1=" " tag="084">
            <marc:subfield code="a">35P20</marc:subfield>
            <marc:subfield code="2">msc</marc:subfield>
            <marc:subfield code="8">52\p</marc:subfield>
            <marc:subfield code="8">57\p</marc:subfield>
        </marc:datafield>
        <marc:datafield ind2=" " ind1=" " tag="084">
            <marc:subfield code="a">35P25</marc:subfield>
            <marc:subfield code="2">msc</marc:subfield>
            <marc:subfield code="8">7\p</marc:subfield>
            <marc:subfield code="8">52\p</marc:subfield>
            <marc:subfield code="8">57\p</marc:subfield>
        </marc:datafield>
        <marc:datafield ind2=" " ind1=" " tag="084">
            <marc:subfield code="a">46N50</marc:subfield>
            <marc:subfield code="2">msc</marc:subfield>
            <marc:subfield code="8">24\p</marc:subfield>
        </marc:datafield>
        <marc:datafield ind2=" " ind1=" " tag="084">
            <marc:subfield code="a">47A10</marc:subfield>
            <marc:subfield code="2">msc</marc:subfield>
            <marc:subfield code="8">52\p</marc:subfield>
            <marc:subfield code="8">57\p</marc:subfield>
        </marc:datafield>
        <marc:datafield ind2=" " ind1=" " tag="084">
            <marc:subfield code="a">47A40</marc:subfield>
            <marc:subfield code="2">msc</marc:subfield>
            <marc:subfield code="8">52\p</marc:subfield>
            <marc:subfield code="8">57\p</marc:subfield>
        </marc:datafield>
        <marc:datafield ind2=" " ind1=" " tag="084">
            <marc:subfield code="a">47F05</marc:subfield>
            <marc:subfield code="2">msc</marc:subfield>
            <marc:subfield code="8">24\p</marc:subfield>
        </marc:datafield>
        <marc:datafield ind2=" " ind1=" " tag="084">
            <marc:subfield code="a">47N50</marc:subfield>
            <marc:subfield code="2">msc</marc:subfield>
            <marc:subfield code="8">24\p</marc:subfield>
        </marc:datafield>
        <marc:datafield ind2=" " ind1=" " tag="084">
            <marc:subfield code="a">58C50</marc:subfield>
            <marc:subfield code="2">msc</marc:subfield>
            <marc:subfield code="8">52\p</marc:subfield>
            <marc:subfield code="8">57\p</marc:subfield>
        </marc:datafield>
        <marc:datafield ind2=" " ind1=" " tag="084">
            <marc:subfield code="a">81-01</marc:subfield>
            <marc:subfield code="2">msc</marc:subfield>
            <marc:subfield code="8">24\p</marc:subfield>
        </marc:datafield>
        <marc:datafield ind2=" " ind1=" " tag="084">
            <marc:subfield code="a">81-06</marc:subfield>
            <marc:subfield code="2">msc</marc:subfield>
            <marc:subfield code="8">55\p</marc:subfield>
            <marc:subfield code="8">58\p</marc:subfield>
        </marc:datafield>
        <marc:datafield ind2=" " ind1=" " tag="084">
            <marc:subfield code="a">81-XX</marc:subfield>
            <marc:subfield code="2">msc</marc:subfield>
            <marc:subfield code="8">7\p</marc:subfield>
        </marc:datafield>
        <marc:datafield ind2=" " ind1=" " tag="084">
            <marc:subfield code="a">81Q05</marc:subfield>
            <marc:subfield code="2">msc</marc:subfield>
            <marc:subfield code="8">53\p</marc:subfield>
            <marc:subfield code="8">54\p</marc:subfield>
        </marc:datafield>
        <marc:datafield ind2=" " ind1=" " tag="084">
            <marc:subfield code="a">81Q10</marc:subfield>
            <marc:subfield code="2">msc</marc:subfield>
            <marc:subfield code="8">52\p</marc:subfield>
            <marc:subfield code="8">57\p</marc:subfield>
        </marc:datafield>
        <marc:datafield ind2=" " ind1=" " tag="084">
            <marc:subfield code="a">81S40</marc:subfield>
            <marc:subfield code="2">msc</marc:subfield>
            <marc:subfield code="8">52\p</marc:subfield>
            <marc:subfield code="8">57\p</marc:subfield>
        </marc:datafield>
        <marc:datafield ind2=" " ind1=" " tag="084">
            <marc:subfield code="a">SD 1976</marc:subfield>
            <marc:subfield code="2">rvk</marc:subfield>
            <marc:subfield code="8">30\p</marc:subfield>
        </marc:datafield>
        <marc:datafield ind2=" " ind1=" " tag="084">
            <marc:subfield code="a">SD 1976 | UK 1200 | UO 1090</marc:subfield>
            <marc:subfield code="2">rvk</marc:subfield>
            <marc:subfield code="8">14\p</marc:subfield>
        </marc:datafield>
        <marc:datafield ind2=" " ind1=" " tag="084">
            <marc:subfield code="a">SK 950</marc:subfield>
            <marc:subfield code="2">rvk</marc:subfield>
            <marc:subfield code="8">24\p</marc:subfield>
        </marc:datafield>
        <marc:datafield ind2=" " ind1=" " tag="084">
            <marc:subfield code="a">UK 1200</marc:subfield>
            <marc:subfield code="2">rvk</marc:subfield>
            <marc:subfield code="8">14\p</marc:subfield>
            <marc:subfield code="8">24\p</marc:subfield>
        </marc:datafield>
        <marc:datafield ind2=" " ind1=" " tag="084">
            <marc:subfield code="a">UK 3000</marc:subfield>
            <marc:subfield code="2">rvk</marc:subfield>
            <marc:subfield code="8">24\p</marc:subfield>
        </marc:datafield>
        <marc:datafield ind2=" " ind1=" " tag="084">
            <marc:subfield code="a">UO 1090</marc:subfield>
            <marc:subfield code="2">rvk</marc:subfield>
            <marc:subfield code="8">14\p</marc:subfield>
            <marc:subfield code="8">30\p</marc:subfield>
        </marc:datafield>
        <marc:datafield ind2=" " ind1=" " tag="084">
            <marc:subfield code="a">18a</marc:subfield>
            <marc:subfield code="2">sdnb</marc:subfield>
            <marc:subfield code="8">34\p</marc:subfield>
            <marc:subfield code="8">35\p</marc:subfield>
        </marc:datafield>
        <marc:datafield ind2=" " ind1=" " tag="084">
            <marc:subfield code="a">18a</marc:subfield>
            <marc:subfield code="a">500</marc:subfield>
            <marc:subfield code="a">520</marc:subfield>
            <marc:subfield code="a">530</marc:subfield>
            <marc:subfield code="a">540</marc:subfield>
            <marc:subfield code="a">550</marc:subfield>
            <marc:subfield code="a">560</marc:subfield>
            <marc:subfield code="a">570</marc:subfield>
            <marc:subfield code="a">580</marc:subfield>
            <marc:subfield code="a">590</marc:subfield>
            <marc:subfield code="q">DE-101</marc:subfield>
            <marc:subfield code="2">sdnb</marc:subfield>
            <marc:subfield code="8">28\p</marc:subfield>
            <marc:subfield code="8">31\p</marc:subfield>
        </marc:datafield>
        <marc:datafield ind2=" " ind1=" " tag="084">
            <marc:subfield code="a">18a</marc:subfield>
            <marc:subfield code="q">DE-101</marc:subfield>
            <marc:subfield code="2">sdnb</marc:subfield>
            <marc:subfield code="8">27\p</marc:subfield>
        </marc:datafield>
        <marc:datafield ind2=" " ind1=" " tag="084">
            <marc:subfield code="a">500</marc:subfield>
            <marc:subfield code="a">520</marc:subfield>
            <marc:subfield code="a">530</marc:subfield>
            <marc:subfield code="a">540</marc:subfield>
            <marc:subfield code="a">550</marc:subfield>
            <marc:subfield code="a">560</marc:subfield>
            <marc:subfield code="a">570</marc:subfield>
            <marc:subfield code="a">580</marc:subfield>
            <marc:subfield code="a">590</marc:subfield>
            <marc:subfield code="q">DE-101</marc:subfield>
            <marc:subfield code="2">sdnb</marc:subfield>
            <marc:subfield code="8">10\p</marc:subfield>
        </marc:datafield>
        <marc:datafield ind2=" " ind1=" " tag="084">
            <marc:subfield code="a">MAT 000</marc:subfield>
            <marc:subfield code="2">stub</marc:subfield>
            <marc:subfield code="8">60\p</marc:subfield>
            <marc:subfield code="8">63\p</marc:subfield>
        </marc:datafield>
        <marc:datafield ind2=" " ind1=" " tag="084">
            <marc:subfield code="a">PHY 000</marc:subfield>
            <marc:subfield code="2">stub</marc:subfield>
            <marc:subfield code="8">44\p</marc:subfield>
            <marc:subfield code="8">48\p</marc:subfield>
        </marc:datafield>
        <marc:datafield ind2=" " ind1=" " tag="084">
            <marc:subfield code="a">PHY 013f</marc:subfield>
            <marc:subfield code="2">stub</marc:subfield>
            <marc:subfield code="8">53\p</marc:subfield>
            <marc:subfield code="8">54\p</marc:subfield>
            <marc:subfield code="8">60\p</marc:subfield>
            <marc:subfield code="8">63\p</marc:subfield>
        </marc:datafield>
        <marc:datafield ind2=" " ind1=" " tag="084">
            <marc:subfield code="a">PHY 020f</marc:subfield>
            <marc:subfield code="2">stub</marc:subfield>
            <marc:subfield code="8">53\p</marc:subfield>
            <marc:subfield code="8">54\p</marc:subfield>
            <marc:subfield code="8">55\p</marc:subfield>
            <marc:subfield code="8">58\p</marc:subfield>
            <marc:subfield code="8">60\p</marc:subfield>
            <marc:subfield code="8">63\p</marc:subfield>
        </marc:datafield>
        <marc:datafield ind2=" " ind1=" " tag="084">
            <marc:subfield code="a">PHY 022f</marc:subfield>
            <marc:subfield code="2">stub</marc:subfield>
            <marc:subfield code="8">53\p</marc:subfield>
            <marc:subfield code="8">54\p</marc:subfield>
            <marc:subfield code="8">60\p</marc:subfield>
            <marc:subfield code="8">63\p</marc:subfield>
        </marc:datafield>
        <marc:datafield ind2=" " ind1="1" tag="100">
            <marc:subfield code="a">Berezin, Feliks A.</marc:subfield>
            <marc:subfield code="d">1931-1980</marc:subfield>
            <marc:subfield code="0">(DE-588)119463415</marc:subfield>
            <marc:subfield code="0">(DE-627)080277888</marc:subfield>
            <marc:subfield code="0">(DE-576)160250951</marc:subfield>
            <marc:subfield code="4">aut</marc:subfield>
            <marc:subfield code="8">12\p</marc:subfield>
            <marc:subfield code="8">15\p</marc:subfield>
        </marc:datafield>
        <marc:datafield ind2=" " ind1="1" tag="100">
            <marc:subfield code="8">22\p</marc:subfield>
            <marc:subfield code="a">Berezin, Feliks A.</marc:subfield>
            <marc:subfield code="d">1931-1980</marc:subfield>
            <marc:subfield code="e">VerfasserIn</marc:subfield>
            <marc:subfield code="0">(DE-588)119463415</marc:subfield>
            <marc:subfield code="0">(DE-627)080277888</marc:subfield>
            <marc:subfield code="0">(DE-576)160250951</marc:subfield>
            <marc:subfield code="4">aut</marc:subfield>
            <marc:subfield code="8">21\p</marc:subfield>
            <marc:subfield code="8">52\p</marc:subfield>
            <marc:subfield code="8">57\p</marc:subfield>
        </marc:datafield>
        <marc:datafield ind2=" " ind1="1" tag="100">
            <marc:subfield code="8">6\p</marc:subfield>
            <marc:subfield code="a">Thirring, Walter</marc:subfield>
            <marc:subfield code="d">1927-2014</marc:subfield>
            <marc:subfield code="0">(DE-588)121871967</marc:subfield>
            <marc:subfield code="0">(DE-627)081589700</marc:subfield>
            <marc:subfield code="0">(DE-576)163299404</marc:subfield>
            <marc:subfield code="4">aut</marc:subfield>
            <marc:subfield code="8">5\p</marc:subfield>
        </marc:datafield>
        <marc:datafield ind2=" " ind1="1" tag="100">
            <marc:subfield code="8">9\p</marc:subfield>
            <marc:subfield code="a">Thirring, Walter</marc:subfield>
            <marc:subfield code="d">1927-2014</marc:subfield>
            <marc:subfield code="e">VerfasserIn</marc:subfield>
            <marc:subfield code="0">(DE-588)121871967</marc:subfield>
            <marc:subfield code="0">(DE-627)081589700</marc:subfield>
            <marc:subfield code="0">(DE-576)163299404</marc:subfield>
            <marc:subfield code="4">aut</marc:subfield>
            <marc:subfield code="8">8\p</marc:subfield>
        </marc:datafield>
        <marc:datafield ind2=" " ind1="1" tag="100">
            <marc:subfield code="8">17\p</marc:subfield>
            <marc:subfield code="a">Berezin, Feliks A.</marc:subfield>
            <marc:subfield code="d">1931-1980</marc:subfield>
            <marc:subfield code="e">Verfasser</marc:subfield>
            <marc:subfield code="4">aut</marc:subfield>
            <marc:subfield code="0">(DE-603)087803135</marc:subfield>
            <marc:subfield code="0">(DE-588)119463415</marc:subfield>
            <marc:subfield code="2">gnd</marc:subfield>
            <marc:subfield code="8">16\p</marc:subfield>
        </marc:datafield>
        <marc:datafield ind2=" " ind1="1" tag="100">
            <marc:subfield code="a">Berezin, Feliks A.</marc:subfield>
            <marc:subfield code="d">1931-1980</marc:subfield>
            <marc:subfield code="0">(DE-603)087803135</marc:subfield>
            <marc:subfield code="0">(DE-588)119463415</marc:subfield>
            <marc:subfield code="2">gnd</marc:subfield>
            <marc:subfield code="8">19\p</marc:subfield>
        </marc:datafield>
        <marc:datafield ind2=" " ind1="1" tag="100">
            <marc:subfield code="a">Berezin, Feliks A.</marc:subfield>
            <marc:subfield code="d">1931-1980</marc:subfield>
            <marc:subfield code="0">(DE-588)119463415</marc:subfield>
            <marc:subfield code="4">aut</marc:subfield>
            <marc:subfield code="8">24\p</marc:subfield>
        </marc:datafield>
        <marc:datafield ind2=" " ind1="1" tag="100">
            <marc:subfield code="a">Berezin, Feliks A.</marc:subfield>
            <marc:subfield code="d">1931-1980</marc:subfield>
            <marc:subfield code="e">Verfasser</marc:subfield>
            <marc:subfield code="0">(DE-588)119463415</marc:subfield>
            <marc:subfield code="4">aut</marc:subfield>
            <marc:subfield code="8">36\p</marc:subfield>
            <marc:subfield code="8">40\p</marc:subfield>
            <marc:subfield code="8">53\p</marc:subfield>
            <marc:subfield code="8">54\p</marc:subfield>
        </marc:datafield>
        <marc:datafield ind2=" " ind1="1" tag="100">
            <marc:subfield code="a">Berezin, F. A.</marc:subfield>
            <marc:subfield code="4">aut</marc:subfield>
            <marc:subfield code="8">13\p</marc:subfield>
        </marc:datafield>
        <marc:datafield ind2=" " ind1="1" tag="100">
            <marc:subfield code="a">Berezin, F. A.</marc:subfield>
            <marc:subfield code="e">Verfasser</marc:subfield>
            <marc:subfield code="4">aut</marc:subfield>
            <marc:subfield code="8">60\p</marc:subfield>
            <marc:subfield code="8">63\p</marc:subfield>
        </marc:datafield>
        <marc:datafield ind2=" " ind1="1" tag="100">
            <marc:subfield code="a">Berezin, F.A.</marc:subfield>
            <marc:subfield code="4">aut</marc:subfield>
            <marc:subfield code="e">Verfasser</marc:subfield>
            <marc:subfield code="8">4\p</marc:subfield>
        </marc:datafield>
        <marc:datafield ind2=" " ind1="1" tag="100">
            <marc:subfield code="a">Berezin, Feliks A.</marc:subfield>
            <marc:subfield code="4">aut</marc:subfield>
            <marc:subfield code="e">Verfasser</marc:subfield>
            <marc:subfield code="8">7\p</marc:subfield>
        </marc:datafield>
        <marc:datafield ind2=" " ind1="1" tag="100">
            <marc:subfield code="a">Berezin, Feliks Aleksandrovič</marc:subfield>
            <marc:subfield code="4">aut</marc:subfield>
            <marc:subfield code="8">1\p</marc:subfield>
        </marc:datafield>
        <marc:datafield ind2="0" ind1=" " tag="650">
            <marc:subfield code="a">Differential equations, partial</marc:subfield>
            <marc:subfield code="8">15\p</marc:subfield>
        </marc:datafield>
        <marc:datafield ind2="0" ind1=" " tag="650">
            <marc:subfield code="a">Differential equations.</marc:subfield>
            <marc:subfield code="8">15\p</marc:subfield>
        </marc:datafield>
        <marc:datafield ind2="0" ind1=" " tag="650">
            <marc:subfield code="a">Functional analysis</marc:subfield>
            <marc:subfield code="8">4\p</marc:subfield>
            <marc:subfield code="8">15\p</marc:subfield>
        </marc:datafield>
        <marc:datafield ind2="0" ind1=" " tag="650">
            <marc:subfield code="a">Mathematical physics</marc:subfield>
            <marc:subfield code="8">4\p</marc:subfield>
        </marc:datafield>
        <marc:datafield ind2="0" ind1=" " tag="650">
            <marc:subfield code="a">Mathematical physics.</marc:subfield>
            <marc:subfield code="8">15\p</marc:subfield>
        </marc:datafield>
        <marc:datafield ind2="0" ind1=" " tag="650">
            <marc:subfield code="a">Mathematics</marc:subfield>
            <marc:subfield code="8">15\p</marc:subfield>
        </marc:datafield>
        <marc:datafield ind2="0" ind1=" " tag="650">
            <marc:subfield code="a">Partial differential equations</marc:subfield>
            <marc:subfield code="8">4\p</marc:subfield>
        </marc:datafield>
        <marc:datafield ind2="0" ind1=" " tag="650">
            <marc:subfield code="a">Physics</marc:subfield>
            <marc:subfield code="8">5\p</marc:subfield>
        </marc:datafield>
        <marc:datafield ind2="0" ind1=" " tag="650">
            <marc:subfield code="a">Quantum physics</marc:subfield>
            <marc:subfield code="8">2\p</marc:subfield>
            <marc:subfield code="8">4\p</marc:subfield>
        </marc:datafield>
        <marc:datafield ind2="0" ind1=" " tag="650">
            <marc:subfield code="a">Quantum physics.</marc:subfield>
            <marc:subfield code="8">15\p</marc:subfield>
        </marc:datafield>
        <marc:datafield ind2="0" ind1=" " tag="650">
            <marc:subfield code="a">Quantum theory</marc:subfield>
            <marc:subfield code="8">15\p</marc:subfield>
        </marc:datafield>
        <marc:datafield ind2="0" ind1=" " tag="650">
            <marc:subfield code="a">Schrödinger equation</marc:subfield>
            <marc:subfield code="8">52\p</marc:subfield>
            <marc:subfield code="8">57\p</marc:subfield>
        </marc:datafield>
        <marc:datafield ind2="0" ind1=" " tag="650">
            <marc:subfield code="a">Schrödinger equation</marc:subfield>
            <marc:subfield code="x">Congresses</marc:subfield>
            <marc:subfield code="8">34\p</marc:subfield>
            <marc:subfield code="8">35\p</marc:subfield>
        </marc:datafield>
        <marc:datafield ind2="0" ind1=" " tag="650">
            <marc:subfield code="a">Schrödinger equation</marc:subfield>
            <marc:subfield code="z">Automatisch aus GBV_2011-10 2012-04-24</marc:subfield>
            <marc:subfield code="8">24\p</marc:subfield>
        </marc:datafield>
        <marc:datafield ind2="4" ind1=" " tag="650">
            <marc:subfield code="a">Differential equations, partial</marc:subfield>
            <marc:subfield code="8">13\p</marc:subfield>
            <marc:subfield code="8">60\p</marc:subfield>
            <marc:subfield code="8">63\p</marc:subfield>
        </marc:datafield>
        <marc:datafield ind2="4" ind1=" " tag="650">
            <marc:subfield code="a">Electronic books</marc:subfield>
            <marc:subfield code="8">8\p</marc:subfield>
            <marc:subfield code="8">21\p</marc:subfield>
        </marc:datafield>
        <marc:datafield ind2="4" ind1=" " tag="650">
            <marc:subfield code="a">Functional Analysis</marc:subfield>
            <marc:subfield code="8">13\p</marc:subfield>
            <marc:subfield code="8">60\p</marc:subfield>
            <marc:subfield code="8">63\p</marc:subfield>
        </marc:datafield>
        <marc:datafield ind2="4" ind1=" " tag="650">
            <marc:subfield code="a">Functional analysis</marc:subfield>
            <marc:subfield code="8">13\p</marc:subfield>
            <marc:subfield code="8">21\p</marc:subfield>
            <marc:subfield code="8">60\p</marc:subfield>
            <marc:subfield code="8">63\p</marc:subfield>
        </marc:datafield>
        <marc:datafield ind2="4" ind1=" " tag="650">
            <marc:subfield code="a">Mathematics</marc:subfield>
            <marc:subfield code="8">13\p</marc:subfield>
            <marc:subfield code="8">60\p</marc:subfield>
            <marc:subfield code="8">63\p</marc:subfield>
        </marc:datafield>
        <marc:datafield ind2="4" ind1=" " tag="650">
            <marc:subfield code="a">Mathematik</marc:subfield>
            <marc:subfield code="8">60\p</marc:subfield>
            <marc:subfield code="8">63\p</marc:subfield>
        </marc:datafield>
        <marc:datafield ind2="4" ind1=" " tag="650">
            <marc:subfield code="a">Partial Differential Equations</marc:subfield>
            <marc:subfield code="8">13\p</marc:subfield>
            <marc:subfield code="8">60\p</marc:subfield>
            <marc:subfield code="8">63\p</marc:subfield>
        </marc:datafield>
        <marc:datafield ind2="4" ind1=" " tag="650">
            <marc:subfield code="a">Physics</marc:subfield>
            <marc:subfield code="8">44\p</marc:subfield>
            <marc:subfield code="8">48\p</marc:subfield>
        </marc:datafield>
        <marc:datafield ind2="4" ind1=" " tag="650">
            <marc:subfield code="a">Physics, general</marc:subfield>
            <marc:subfield code="8">44\p</marc:subfield>
            <marc:subfield code="8">48\p</marc:subfield>
        </marc:datafield>
        <marc:datafield ind2="4" ind1=" " tag="650">
            <marc:subfield code="a">Quantentheorie</marc:subfield>
            <marc:subfield code="8">60\p</marc:subfield>
            <marc:subfield code="8">63\p</marc:subfield>
        </marc:datafield>
        <marc:datafield ind2="4" ind1=" " tag="650">
            <marc:subfield code="a">Quantum Physics</marc:subfield>
            <marc:subfield code="8">13\p</marc:subfield>
            <marc:subfield code="8">60\p</marc:subfield>
            <marc:subfield code="8">63\p</marc:subfield>
        </marc:datafield>
        <marc:datafield ind2="4" ind1=" " tag="650">
            <marc:subfield code="a">Quantum theory</marc:subfield>
            <marc:subfield code="8">13\p</marc:subfield>
            <marc:subfield code="8">21\p</marc:subfield>
            <marc:subfield code="8">60\p</marc:subfield>
            <marc:subfield code="8">63\p</marc:subfield>
        </marc:datafield>
        <marc:datafield ind2="4" ind1=" " tag="650">
            <marc:subfield code="a">Schrödinger equation</marc:subfield>
            <marc:subfield code="8">21\p</marc:subfield>
            <marc:subfield code="8">53\p</marc:subfield>
            <marc:subfield code="8">54\p</marc:subfield>
        </marc:datafield>
        <marc:datafield ind2="4" ind1=" " tag="650">
            <marc:subfield code="a">Schrödinger-Gleichung</marc:subfield>
            <marc:subfield code="8">53\p</marc:subfield>
            <marc:subfield code="8">54\p</marc:subfield>
        </marc:datafield>
        <marc:datafield ind2="4" ind1=" " tag="650">
            <marc:subfield code="a">Theoretical, Mathematical and Computational Physics</marc:subfield>
            <marc:subfield code="8">13\p</marc:subfield>
            <marc:subfield code="8">60\p</marc:subfield>
            <marc:subfield code="8">63\p</marc:subfield>
        </marc:datafield>
        <marc:datafield ind2="7" ind1=" " tag="650">
            <marc:subfield code="8">11\p</marc:subfield>
            <marc:subfield code="0">(DE-588)4053332-3</marc:subfield>
            <marc:subfield code="0">https://d-nb.info/gnd/4053332-3</marc:subfield>
            <marc:subfield code="0">(DE-101)040533328</marc:subfield>
            <marc:subfield code="a">Schrödinger-Gleichung</marc:subfield>
            <marc:subfield code="2">gnd</marc:subfield>
            <marc:subfield code="8">10\p</marc:subfield>
            <marc:subfield code="8">29\p</marc:subfield>
            <marc:subfield code="8">28\p</marc:subfield>
            <marc:subfield code="8">33\p</marc:subfield>
            <marc:subfield code="8">31\p</marc:subfield>
        </marc:datafield>
        <marc:datafield ind2="7" ind1=" " tag="650">
            <marc:subfield code="a">Schrödinger-Gleichung</marc:subfield>
            <marc:subfield code="0">(DE-588)4053332-3</marc:subfield>
            <marc:subfield code="0">(DE-603)085148083</marc:subfield>
            <marc:subfield code="2">gnd</marc:subfield>
            <marc:subfield code="8">19\p</marc:subfield>
            <marc:subfield code="8">27\p</marc:subfield>
        </marc:datafield>
        <marc:datafield ind2="7" ind1=" " tag="650">
            <marc:subfield code="a">Schrödinger-Gleichung</marc:subfield>
            <marc:subfield code="2">local</marc:subfield>
            <marc:subfield code="8">10\p</marc:subfield>
            <marc:subfield code="8">28\p</marc:subfield>
            <marc:subfield code="8">31\p</marc:subfield>
        </marc:datafield>
        <marc:datafield ind2="0" ind1="#" tag="650">
            <marc:subfield code="a">Differential equations, partial</marc:subfield>
            <marc:subfield code="8">16\p</marc:subfield>
        </marc:datafield>
        <marc:datafield ind2="0" ind1="#" tag="650">
            <marc:subfield code="a">Functional analysis</marc:subfield>
            <marc:subfield code="8">16\p</marc:subfield>
        </marc:datafield>
        <marc:datafield ind2="0" ind1="#" tag="650">
            <marc:subfield code="a">Mathematics</marc:subfield>
            <marc:subfield code="8">16\p</marc:subfield>
        </marc:datafield>
        <marc:datafield ind2="0" ind1="#" tag="650">
            <marc:subfield code="a">Quantum theory</marc:subfield>
            <marc:subfield code="8">16\p</marc:subfield>
        </marc:datafield>
        <marc:datafield ind2="7" ind1="0" tag="650">
            <marc:subfield code="a">Mathematische Physik</marc:subfield>
            <marc:subfield code="0">(DE-588)4037952-8</marc:subfield>
            <marc:subfield code="2">gnd</marc:subfield>
            <marc:subfield code="9">rswk-swf</marc:subfield>
            <marc:subfield code="8">25\p</marc:subfield>
            <marc:subfield code="8">36\p</marc:subfield>
            <marc:subfield code="8">40\p</marc:subfield>
            <marc:subfield code="8">44\p</marc:subfield>
            <marc:subfield code="8">48\p</marc:subfield>
            <marc:subfield code="8">53\p</marc:subfield>
            <marc:subfield code="8">54\p</marc:subfield>
            <marc:subfield code="8">55\p</marc:subfield>
            <marc:subfield code="8">58\p</marc:subfield>
            <marc:subfield code="8">60\p</marc:subfield>
            <marc:subfield code="8">63\p</marc:subfield>
        </marc:datafield>
        <marc:datafield ind2="7" ind1="0" tag="650">
            <marc:subfield code="a">Schrödinger-Gleichung</marc:subfield>
            <marc:subfield code="0">(DE-588)4053332-3</marc:subfield>
            <marc:subfield code="2">gnd</marc:subfield>
            <marc:subfield code="9">rswk-swf</marc:subfield>
            <marc:subfield code="8">25\p</marc:subfield>
            <marc:subfield code="8">36\p</marc:subfield>
            <marc:subfield code="8">40\p</marc:subfield>
            <marc:subfield code="8">44\p</marc:subfield>
            <marc:subfield code="8">48\p</marc:subfield>
            <marc:subfield code="8">53\p</marc:subfield>
            <marc:subfield code="8">54\p</marc:subfield>
            <marc:subfield code="8">55\p</marc:subfield>
            <marc:subfield code="8">58\p</marc:subfield>
            <marc:subfield code="8">60\p</marc:subfield>
            <marc:subfield code="8">63\p</marc:subfield>
        </marc:datafield>
        <marc:datafield ind2=" " ind1=" " tag="653">
            <marc:subfield code="a">(Produktform)Electronic book text</marc:subfield>
            <marc:subfield code="8">10\p</marc:subfield>
            <marc:subfield code="8">28\p</marc:subfield>
        </marc:datafield>
        <marc:datafield ind2="7" ind1=" " tag="655">
            <marc:subfield code="a">Konferenzschrift</marc:subfield>
            <marc:subfield code="y">1976</marc:subfield>
            <marc:subfield code="z">Wien</marc:subfield>
            <marc:subfield code="0">(DE-588)1071861417</marc:subfield>
            <marc:subfield code="0">(DE-627)826484824</marc:subfield>
            <marc:subfield code="0">(DE-576)433375485</marc:subfield>
            <marc:subfield code="2">gnd-content</marc:subfield>
            <marc:subfield code="8">34\p</marc:subfield>
            <marc:subfield code="8">35\p</marc:subfield>
            <marc:subfield code="8">58\p</marc:subfield>
        </marc:datafield>
        <marc:datafield ind2="7" ind1=" " tag="655">
            <marc:subfield code="a">Konferenzschrift</marc:subfield>
            <marc:subfield code="y">1976</marc:subfield>
            <marc:subfield code="z">Wien</marc:subfield>
            <marc:subfield code="0">(DE-588)1071861417</marc:subfield>
            <marc:subfield code="0">(DE-603)359646190</marc:subfield>
            <marc:subfield code="2">gnd-content</marc:subfield>
            <marc:subfield code="8">27\p</marc:subfield>
        </marc:datafield>
        <marc:datafield ind2="7" ind1=" " tag="655">
            <marc:subfield code="a">Konferenzschrift</marc:subfield>
            <marc:subfield code="y">1976</marc:subfield>
            <marc:subfield code="z">Wien</marc:subfield>
            <marc:subfield code="0">(DE-588)1071861417</marc:subfield>
            <marc:subfield code="2">gnd-content</marc:subfield>
            <marc:subfield code="8">14\p</marc:subfield>
            <marc:subfield code="8">25\p</marc:subfield>
            <marc:subfield code="8">37\p</marc:subfield>
            <marc:subfield code="8">36\p</marc:subfield>
            <marc:subfield code="8">41\p</marc:subfield>
            <marc:subfield code="8">40\p</marc:subfield>
            <marc:subfield code="8">45\p</marc:subfield>
            <marc:subfield code="8">44\p</marc:subfield>
            <marc:subfield code="8">49\p</marc:subfield>
            <marc:subfield code="8">48\p</marc:subfield>
            <marc:subfield code="8">55\p</marc:subfield>
            <marc:subfield code="8">58\p</marc:subfield>
            <marc:subfield code="8">61\p</marc:subfield>
            <marc:subfield code="8">60\p</marc:subfield>
            <marc:subfield code="8">64\p</marc:subfield>
            <marc:subfield code="8">63\p</marc:subfield>
        </marc:datafield>
        <marc:datafield ind2="7" ind1=" " tag="655">
            <marc:subfield code="8">38\p</marc:subfield>
            <marc:subfield code="0">(DE-588)4016928-5</marc:subfield>
            <marc:subfield code="a">Festschrift</marc:subfield>
            <marc:subfield code="2">gnd-content</marc:subfield>
            <marc:subfield code="8">36\p</marc:subfield>
            <marc:subfield code="8">42\p</marc:subfield>
            <marc:subfield code="8">40\p</marc:subfield>
            <marc:subfield code="8">46\p</marc:subfield>
            <marc:subfield code="8">44\p</marc:subfield>
            <marc:subfield code="8">50\p</marc:subfield>
            <marc:subfield code="8">48\p</marc:subfield>
            <marc:subfield code="8">53\p</marc:subfield>
            <marc:subfield code="8">54\p</marc:subfield>
            <marc:subfield code="8">55\p</marc:subfield>
            <marc:subfield code="8">58\p</marc:subfield>
            <marc:subfield code="8">62\p</marc:subfield>
            <marc:subfield code="8">60\p</marc:subfield>
            <marc:subfield code="8">65\p</marc:subfield>
            <marc:subfield code="8">63\p</marc:subfield>
        </marc:datafield>
        <marc:datafield ind2=" " ind1="0" tag="689">
            <marc:subfield code="5">(DE-627)</marc:subfield>
            <marc:subfield code="8">12\p</marc:subfield>
            <marc:subfield code="8">35\p</marc:subfield>
            <marc:subfield code="8">52\p</marc:subfield>
            <marc:subfield code="8">57\p</marc:subfield>
        </marc:datafield>
        <marc:datafield ind2=" " ind1="0" tag="689">
            <marc:subfield code="5">AT-OBV</marc:subfield>
            <marc:subfield code="5">MUL</marc:subfield>
            <marc:subfield code="8">24\p</marc:subfield>
        </marc:datafield>
        <marc:datafield ind2=" " ind1="0" tag="689">
            <marc:subfield code="5">AT-OBV</marc:subfield>
            <marc:subfield code="5">UBGSDL</marc:subfield>
            <marc:subfield code="8">30\p</marc:subfield>
        </marc:datafield>
        <marc:datafield ind2=" " ind1="0" tag="689">
            <marc:subfield code="5">DE-101</marc:subfield>
            <marc:subfield code="8">34\p</marc:subfield>
            <marc:subfield code="8">35\p</marc:subfield>
        </marc:datafield>
        <marc:datafield ind2=" " ind1="0" tag="689">
            <marc:subfield code="8">26\p</marc:subfield>
            <marc:subfield code="5">DE-604</marc:subfield>
            <marc:subfield code="8">25\p</marc:subfield>
            <marc:subfield code="8">39\p</marc:subfield>
            <marc:subfield code="8">36\p</marc:subfield>
            <marc:subfield code="8">43\p</marc:subfield>
            <marc:subfield code="8">40\p</marc:subfield>
            <marc:subfield code="8">47\p</marc:subfield>
            <marc:subfield code="8">44\p</marc:subfield>
            <marc:subfield code="8">51\p</marc:subfield>
            <marc:subfield code="8">48\p</marc:subfield>
            <marc:subfield code="8">53\p</marc:subfield>
            <marc:subfield code="8">54\p</marc:subfield>
            <marc:subfield code="8">56\p</marc:subfield>
            <marc:subfield code="8">55\p</marc:subfield>
            <marc:subfield code="8">59\p</marc:subfield>
            <marc:subfield code="8">58\p</marc:subfield>
            <marc:subfield code="8">60\p</marc:subfield>
            <marc:subfield code="8">63\p</marc:subfield>
        </marc:datafield>
        <marc:datafield ind2="0" ind1="0" tag="689">
            <marc:subfield code="D">s</marc:subfield>
            <marc:subfield code="0">(DE-588)4053332-3</marc:subfield>
            <marc:subfield code="0">(DE-627)10616757X</marc:subfield>
            <marc:subfield code="0">(DE-576)209103337</marc:subfield>
            <marc:subfield code="a">Schrödinger-Gleichung</marc:subfield>
            <marc:subfield code="2">gnd</marc:subfield>
            <marc:subfield code="8">12\p</marc:subfield>
            <marc:subfield code="8">34\p</marc:subfield>
            <marc:subfield code="8">35\p</marc:subfield>
            <marc:subfield code="8">52\p</marc:subfield>
            <marc:subfield code="8">57\p</marc:subfield>
        </marc:datafield>
        <marc:datafield ind2="0" ind1="0" tag="689">
            <marc:subfield code="a">Schrödinger-Gleichung</marc:subfield>
            <marc:subfield code="D">s</marc:subfield>
            <marc:subfield code="0">(DE-588)4053332-3</marc:subfield>
            <marc:subfield code="8">7\p</marc:subfield>
            <marc:subfield code="8">14\p</marc:subfield>
            <marc:subfield code="8">24\p</marc:subfield>
            <marc:subfield code="8">25\p</marc:subfield>
            <marc:subfield code="8">30\p</marc:subfield>
            <marc:subfield code="8">36\p</marc:subfield>
            <marc:subfield code="8">40\p</marc:subfield>
            <marc:subfield code="8">44\p</marc:subfield>
            <marc:subfield code="8">48\p</marc:subfield>
            <marc:subfield code="8">53\p</marc:subfield>
            <marc:subfield code="8">54\p</marc:subfield>
            <marc:subfield code="8">55\p</marc:subfield>
            <marc:subfield code="8">58\p</marc:subfield>
            <marc:subfield code="8">60\p</marc:subfield>
            <marc:subfield code="8">63\p</marc:subfield>
        </marc:datafield>
        <marc:datafield ind2="1" ind1="0" tag="689">
            <marc:subfield code="a">Mathematische Physik</marc:subfield>
            <marc:subfield code="0">(DE-588)4037952-8</marc:subfield>
            <marc:subfield code="D">s</marc:subfield>
            <marc:subfield code="8">25\p</marc:subfield>
            <marc:subfield code="8">36\p</marc:subfield>
            <marc:subfield code="8">40\p</marc:subfield>
            <marc:subfield code="8">44\p</marc:subfield>
            <marc:subfield code="8">48\p</marc:subfield>
            <marc:subfield code="8">53\p</marc:subfield>
            <marc:subfield code="8">54\p</marc:subfield>
            <marc:subfield code="8">55\p</marc:subfield>
            <marc:subfield code="8">58\p</marc:subfield>
            <marc:subfield code="8">60\p</marc:subfield>
            <marc:subfield code="8">63\p</marc:subfield>
        </marc:datafield>
        <marc:datafield ind2="1" ind1="0" tag="689">
            <marc:subfield code="a">Kongress</marc:subfield>
            <marc:subfield code="A">f</marc:subfield>
            <marc:subfield code="8">30\p</marc:subfield>
        </marc:datafield>
        <marc:datafield ind2="2" ind1="0" tag="689">
            <marc:subfield code="a">Wien &lt;1976&gt;</marc:subfield>
            <marc:subfield code="A">g</marc:subfield>
            <marc:subfield code="8">30\p</marc:subfield>
        </marc:datafield>
        <marc:datafield ind2=" " ind1="1" tag="689">
            <marc:subfield code="5">(DE-627)</marc:subfield>
            <marc:subfield code="8">52\p</marc:subfield>
            <marc:subfield code="8">57\p</marc:subfield>
        </marc:datafield>
        <marc:datafield ind2=" " ind1="1" tag="689">
            <marc:subfield code="5">AT-OBV</marc:subfield>
            <marc:subfield code="5">ONB-PI</marc:subfield>
            <marc:subfield code="8">30\p</marc:subfield>
        </marc:datafield>
        <marc:datafield ind2="0" ind1="1" tag="689">
            <marc:subfield code="D">s</marc:subfield>
            <marc:subfield code="0">(DE-588)4053332-3</marc:subfield>
            <marc:subfield code="0">(DE-627)10616757X</marc:subfield>
            <marc:subfield code="0">(DE-576)209103337</marc:subfield>
            <marc:subfield code="a">Schrödinger-Gleichung</marc:subfield>
            <marc:subfield code="2">gnd</marc:subfield>
            <marc:subfield code="8">52\p</marc:subfield>
            <marc:subfield code="8">57\p</marc:subfield>
        </marc:datafield>
        <marc:datafield ind2="0" ind1="1" tag="689">
            <marc:subfield code="a">Schrödinger-Gleichung</marc:subfield>
            <marc:subfield code="D">s</marc:subfield>
            <marc:subfield code="0">(DE-588)4053332-3</marc:subfield>
            <marc:subfield code="8">30\p</marc:subfield>
        </marc:datafield>
        <marc:datafield ind2="1" ind1="1" tag="689">
--
            <marc:subfield code="a">CB 4802</marc:subfield>
            <marc:subfield code="2">rvk</marc:subfield>
            <marc:subfield code="8">12\p</marc:subfield>
        </marc:datafield>
        <marc:datafield ind2=" " ind1=" " tag="084">
            <marc:subfield code="a">CB 4900</marc:subfield>
            <marc:subfield code="2">rvk</marc:subfield>
            <marc:subfield code="8">6\p</marc:subfield>
        </marc:datafield>
        <marc:datafield ind2=" " ind1=" " tag="084">
            <marc:subfield code="a">230</marc:subfield>
            <marc:subfield code="2">sdnb</marc:subfield>
            <marc:subfield code="8">20\p</marc:subfield>
            <marc:subfield code="8">21\p</marc:subfield>
            <marc:subfield code="8">22\p</marc:subfield>
        </marc:datafield>
        <marc:datafield ind2=" " ind1=" " tag="084">
            <marc:subfield code="a">370</marc:subfield>
            <marc:subfield code="a">230</marc:subfield>
            <marc:subfield code="q">DE-101</marc:subfield>
            <marc:subfield code="2">sdnb</marc:subfield>
            <marc:subfield code="8">7\p</marc:subfield>
            <marc:subfield code="8">11\p</marc:subfield>
        </marc:datafield>
        <marc:datafield ind2=" " ind1=" " tag="084">
            <marc:subfield code="a">370</marc:subfield>
            <marc:subfield code="2">sdnb</marc:subfield>
            <marc:subfield code="8">20\p</marc:subfield>
            <marc:subfield code="8">21\p</marc:subfield>
            <marc:subfield code="8">22\p</marc:subfield>
        </marc:datafield>
        <marc:datafield ind2=" " ind1=" " tag="084">
            <marc:subfield code="a">370 ; DNB</marc:subfield>
            <marc:subfield code="q">DE-101</marc:subfield>
            <marc:subfield code="2">sdnb</marc:subfield>
            <marc:subfield code="8">12\p</marc:subfield>
        </marc:datafield>
        <marc:datafield ind2=" " ind1=" " tag="084">
            <marc:subfield code="a">370</marc:subfield>
            <marc:subfield code="q">DE-101</marc:subfield>
            <marc:subfield code="2">sdnb</marc:subfield>
            <marc:subfield code="8">6\p</marc:subfield>
        </marc:datafield>
        <marc:datafield ind2=" " ind1=" " tag="085">
            <marc:subfield code="8">1\u</marc:subfield>
            <marc:subfield code="b">372.84</marc:subfield>
            <marc:subfield code="8">11\p</marc:subfield>
            <marc:subfield code="8">2\u</marc:subfield>
            <marc:subfield code="8">23\p</marc:subfield>
            <marc:subfield code="8">3\u</marc:subfield>
            <marc:subfield code="8">26\p</marc:subfield>
        </marc:datafield>
        <marc:datafield ind2=" " ind1="1" tag="100">
            <marc:subfield code="0">(DE-588)1030231648</marc:subfield>
            <marc:subfield code="0">https://d-nb.info/gnd/1030231648</marc:subfield>
            <marc:subfield code="0">(DE-101)1030231648</marc:subfield>
            <marc:subfield code="a">Kiener, Robin Alexander</marc:subfield>
            <marc:subfield code="d">1976-</marc:subfield>
            <marc:subfield code="e">Verfasser</marc:subfield>
            <marc:subfield code="4">aut</marc:subfield>
            <marc:subfield code="2">gnd</marc:subfield>
            <marc:subfield code="8">23\p</marc:subfield>
            <marc:subfield code="8">26\p</marc:subfield>
        </marc:datafield>
        <marc:datafield ind2=" " ind1="1" tag="100">
            <marc:subfield code="a">Kiener, Robin Alexander</marc:subfield>
            <marc:subfield code="d">1976-</marc:subfield>
            <marc:subfield code="0">(DE-588)1030231648</marc:subfield>
            <marc:subfield code="0">(DE-627)734944586</marc:subfield>
            <marc:subfield code="0">(DE-576)377424811</marc:subfield>
            <marc:subfield code="4">aut</marc:subfield>
            <marc:subfield code="8">1\p</marc:subfield>
            <marc:subfield code="8">16\p</marc:subfield>
            <marc:subfield code="8">18\p</marc:subfield>
        </marc:datafield>
        <marc:datafield ind2=" " ind1="1" tag="100">
            <marc:subfield code="8">10\p</marc:subfield>
            <marc:subfield code="a">Kiener, Robin Alexander</marc:subfield>
            <marc:subfield code="d">1976-</marc:subfield>
            <marc:subfield code="e">VerfasserIn</marc:subfield>
            <marc:subfield code="0">(DE-588)1030231648</marc:subfield>
            <marc:subfield code="0">(DE-627)734944586</marc:subfield>
            <marc:subfield code="0">(DE-576)377424811</marc:subfield>
            <marc:subfield code="4">aut</marc:subfield>
            <marc:subfield code="8">9\p</marc:subfield>
            <marc:subfield code="8">17\p</marc:subfield>
            <marc:subfield code="8">19\p</marc:subfield>
        </marc:datafield>
        <marc:datafield ind2=" " ind1="1" tag="100">
            <marc:subfield code="8">4\p</marc:subfield>
            <marc:subfield code="a">Kiener, Robin Alexander</marc:subfield>
            <marc:subfield code="d">1976-</marc:subfield>
            <marc:subfield code="e">author.</marc:subfield>
            <marc:subfield code="0">(DE-588)1030231648</marc:subfield>
            <marc:subfield code="0">(DE-627)734944586</marc:subfield>
            <marc:subfield code="0">(DE-576)377424811</marc:subfield>
            <marc:subfield code="4">aut</marc:subfield>
            <marc:subfield code="8">3\p</marc:subfield>
        </marc:datafield>
        <marc:datafield ind2=" " ind1="1" tag="100">
            <marc:subfield code="8">8\p</marc:subfield>
            <marc:subfield code="a">Kiener, Robin Alexander</marc:subfield>
            <marc:subfield code="d">1976-</marc:subfield>
            <marc:subfield code="e">Verfasser</marc:subfield>
            <marc:subfield code="4">aut</marc:subfield>
            <marc:subfield code="0">(DE-603)316062871</marc:subfield>
            <marc:subfield code="0">(DE-588)1030231648</marc:subfield>
            <marc:subfield code="2">gnd</marc:subfield>
            <marc:subfield code="8">7\p</marc:subfield>
            <marc:subfield code="8">11\p</marc:subfield>
        </marc:datafield>
        <marc:datafield ind2=" " ind1="1" tag="100">
            <marc:subfield code="a">Kiener, Robin Alexander</marc:subfield>
            <marc:subfield code="d">1976-</marc:subfield>
            <marc:subfield code="0">(DE-588)1030231648</marc:subfield>
            <marc:subfield code="4">aut</marc:subfield>
            <marc:subfield code="8">12\p</marc:subfield>
            <marc:subfield code="8">13\p</marc:subfield>
            <marc:subfield code="8">14\p</marc:subfield>
            <marc:subfield code="8">15\p</marc:subfield>
        </marc:datafield>
        <marc:datafield ind2=" " ind1="1" tag="100">
            <marc:subfield code="a">Kiener, Robin Alexander</marc:subfield>
            <marc:subfield code="d">1976-</marc:subfield>
            <marc:subfield code="0">(DE-588)1030231648</marc:subfield>
            <marc:subfield code="4">aut</marc:subfield>
            <marc:subfield code="e">Verfasser</marc:subfield>
            <marc:subfield code="8">6\p</marc:subfield>
            <marc:subfield code="8">20\p</marc:subfield>
            <marc:subfield code="8">21\p</marc:subfield>
            <marc:subfield code="8">22\p</marc:subfield>
        </marc:datafield>
        <marc:datafield ind2=" " ind1="1" tag="100">
            <marc:subfield code="a">Kiener, Robin Alexander</marc:subfield>
            <marc:subfield code="e">Verfasser</marc:subfield>
            <marc:subfield code="4">aut</marc:subfield>
            <marc:subfield code="8">5\p</marc:subfield>
        </marc:datafield>
        <marc:datafield ind2="0" ind1=" " tag="650">
            <marc:subfield code="a">Children</marc:subfield>
            <marc:subfield code="x">Death</marc:subfield>
            <marc:subfield code="x">Religious aspects</marc:subfield>
            <marc:subfield code="8">3\p</marc:subfield>
            <marc:subfield code="8">9\p</marc:subfield>
        </marc:datafield>
        <marc:datafield ind2="0" ind1=" " tag="650">
            <marc:subfield code="a">Death</marc:subfield>
            <marc:subfield code="x">Psychological aspects</marc:subfield>
            <marc:subfield code="8">3\p</marc:subfield>
            <marc:subfield code="8">9\p</marc:subfield>
        </marc:datafield>
        <marc:datafield ind2="0" ind1=" " tag="650">
            <marc:subfield code="a">Future life</marc:subfield>
            <marc:subfield code="8">3\p</marc:subfield>
            <marc:subfield code="8">9\p</marc:subfield>
        </marc:datafield>
        <marc:datafield ind2="4" ind1=" " tag="650">
            <marc:subfield code="a">Children / Death / Religious aspects</marc:subfield>
            <marc:subfield code="8">2\p</marc:subfield>
        </marc:datafield>
        <marc:datafield ind2="4" ind1=" " tag="650">
            <marc:subfield code="a">Children ; Death ; Religious aspects</marc:subfield>
            <marc:subfield code="8">9\p</marc:subfield>
        </marc:datafield>
        <marc:datafield ind2="4" ind1=" " tag="650">
            <marc:subfield code="a">Children</marc:subfield>
            <marc:subfield code="x">Death</marc:subfield>
            <marc:subfield code="x">Religious aspects</marc:subfield>
            <marc:subfield code="8">5\p</marc:subfield>
        </marc:datafield>
        <marc:datafield ind2="4" ind1=" " tag="650">
            <marc:subfield code="a">Death / Psychological aspects</marc:subfield>
            <marc:subfield code="8">2\p</marc:subfield>
        </marc:datafield>
        <marc:datafield ind2="4" ind1=" " tag="650">
            <marc:subfield code="a">Death ; Psychological aspects</marc:subfield>
            <marc:subfield code="8">9\p</marc:subfield>
        </marc:datafield>
        <marc:datafield ind2="4" ind1=" " tag="650">
            <marc:subfield code="a">Death</marc:subfield>
            <marc:subfield code="x">Psychological aspects</marc:subfield>
            <marc:subfield code="8">5\p</marc:subfield>
        </marc:datafield>
        <marc:datafield ind2="4" ind1=" " tag="650">
            <marc:subfield code="a">FAMILY &amp; RELATIONSHIPS ; Life Stages ; General</marc:subfield>
            <marc:subfield code="8">9\p</marc:subfield>
        </marc:datafield>
        <marc:datafield ind2="4" ind1=" " tag="650">
            <marc:subfield code="a">Future life</marc:subfield>
            <marc:subfield code="8">2\p</marc:subfield>
            <marc:subfield code="8">5\p</marc:subfield>
            <marc:subfield code="8">5\p</marc:subfield>
        </marc:datafield>
        <marc:datafield ind2="4" ind1=" " tag="650">
            <marc:subfield code="a">PSYCHOLOGY ; Developmental ; General</marc:subfield>
            <marc:subfield code="8">9\p</marc:subfield>
        </marc:datafield>
        <marc:datafield ind2="4" ind1=" " tag="650">
            <marc:subfield code="a">PSYCHOLOGY ; Developmental ; Lifespan Development</marc:subfield>
            <marc:subfield code="8">9\p</marc:subfield>
        </marc:datafield>
        <marc:datafield ind2="4" ind1=" " tag="650">
            <marc:subfield code="a">PSYCHOLOGY ; General</marc:subfield>
            <marc:subfield code="8">9\p</marc:subfield>
        </marc:datafield>
        <marc:datafield ind2="7" ind1=" " tag="650">
            <marc:subfield code="0">(DE-588)4022349-8</marc:subfield>
            <marc:subfield code="0">https://d-nb.info/gnd/4022349-8</marc:subfield>
            <marc:subfield code="0">(DE-101)040223493</marc:subfield>
            <marc:subfield code="a">Grundschule</marc:subfield>
            <marc:subfield code="9">rswk-swf</marc:subfield>
            <marc:subfield code="2">gnd</marc:subfield>
            <marc:subfield code="8">23\p</marc:subfield>
            <marc:subfield code="8">26\p</marc:subfield>
        </marc:datafield>
        <marc:datafield ind2="7" ind1=" " tag="650">
            <marc:subfield code="0">(DE-588)4028567-4</marc:subfield>
            <marc:subfield code="0">https://d-nb.info/gnd/4028567-4</marc:subfield>
            <marc:subfield code="0">(DE-101)040285677</marc:subfield>
            <marc:subfield code="a">Jenseits</marc:subfield>
            <marc:subfield code="9">rswk-swf</marc:subfield>
            <marc:subfield code="2">gnd</marc:subfield>
            <marc:subfield code="8">23\p</marc:subfield>
            <marc:subfield code="8">26\p</marc:subfield>
        </marc:datafield>
        <marc:datafield ind2="7" ind1=" " tag="650">
            <marc:subfield code="0">(DE-588)4049422-6</marc:subfield>
            <marc:subfield code="0">https://d-nb.info/gnd/4049422-6</marc:subfield>
            <marc:subfield code="0">(DE-101)040494225</marc:subfield>
            <marc:subfield code="a">Religionsunterricht</marc:subfield>
            <marc:subfield code="9">rswk-swf</marc:subfield>
            <marc:subfield code="2">gnd</marc:subfield>
            <marc:subfield code="8">23\p</marc:subfield>
            <marc:subfield code="8">26\p</marc:subfield>
        </marc:datafield>
        <marc:datafield ind2="7" ind1=" " tag="650">
            <marc:subfield code="0">(DE-588)4057310-2</marc:subfield>
            <marc:subfield code="0">https://d-nb.info/gnd/4057310-2</marc:subfield>
            <marc:subfield code="0">(DE-101)040573109</marc:subfield>
            <marc:subfield code="a">Sterben</marc:subfield>
            <marc:subfield code="9">rswk-swf</marc:subfield>
            <marc:subfield code="2">gnd</marc:subfield>
            <marc:subfield code="8">23\p</marc:subfield>
            <marc:subfield code="8">26\p</marc:subfield>
        </marc:datafield>
        <marc:datafield ind2="7" ind1=" " tag="650">
            <marc:subfield code="0">(DE-588)4060294-1</marc:subfield>
            <marc:subfield code="0">https://d-nb.info/gnd/4060294-1</marc:subfield>
            <marc:subfield code="0">(DE-101)04060294X</marc:subfield>
            <marc:subfield code="a">Tod</marc:subfield>
            <marc:subfield code="9">rswk-swf</marc:subfield>
            <marc:subfield code="2">gnd</marc:subfield>
            <marc:subfield code="8">23\p</marc:subfield>
            <marc:subfield code="8">26\p</marc:subfield>
        </marc:datafield>
        <marc:datafield ind2="7" ind1=" " tag="650">
            <marc:subfield code="a">Grundschule</marc:subfield>
            <marc:subfield code="0">(DE-588)4022349-8</marc:subfield>
            <marc:subfield code="0">(DE-603)085054828</marc:subfield>
            <marc:subfield code="2">gnd</marc:subfield>
            <marc:subfield code="8">7\p</marc:subfield>
            <marc:subfield code="8">11\p</marc:subfield>
        </marc:datafield>
        <marc:datafield ind2="7" ind1=" " tag="650">
            <marc:subfield code="a">Grundschule</marc:subfield>
            <marc:subfield code="0">(DE-588)4022349-8</marc:subfield>
            <marc:subfield code="2">gnd</marc:subfield>
            <marc:subfield code="9">rswk-swf</marc:subfield>
            <marc:subfield code="8">13\p</marc:subfield>
            <marc:subfield code="8">14\p</marc:subfield>
            <marc:subfield code="8">15\p</marc:subfield>
        </marc:datafield>
        <marc:datafield ind2="7" ind1=" " tag="650">
            <marc:subfield code="a">Jenseits</marc:subfield>
            <marc:subfield code="0">(DE-588)4028567-4</marc:subfield>
            <marc:subfield code="0">(DE-603)085075493</marc:subfield>
            <marc:subfield code="2">gnd</marc:subfield>
            <marc:subfield code="8">7\p</marc:subfield>
            <marc:subfield code="8">11\p</marc:subfield>
        </marc:datafield>
        <marc:datafield ind2="7" ind1=" " tag="650">
            <marc:subfield code="a">Jenseits</marc:subfield>
            <marc:subfield code="0">(DE-588)4028567-4</marc:subfield>
            <marc:subfield code="2">gnd</marc:subfield>
            <marc:subfield code="9">rswk-swf</marc:subfield>
            <marc:subfield code="8">13\p</marc:subfield>
            <marc:subfield code="8">14\p</marc:subfield>
            <marc:subfield code="8">15\p</marc:subfield>
        </marc:datafield>
        <marc:datafield ind2="7" ind1=" " tag="650">
            <marc:subfield code="a">Religionsunterricht</marc:subfield>
            <marc:subfield code="0">(DE-588)4049422-6</marc:subfield>
            <marc:subfield code="0">(DE-603)085137863</marc:subfield>
            <marc:subfield code="2">gnd</marc:subfield>
            <marc:subfield code="8">7\p</marc:subfield>
            <marc:subfield code="8">11\p</marc:subfield>
        </marc:datafield>
        <marc:datafield ind2="7" ind1=" " tag="650">
            <marc:subfield code="a">Religionsunterricht</marc:subfield>
            <marc:subfield code="0">(DE-588)4049422-6</marc:subfield>
            <marc:subfield code="2">gnd</marc:subfield>
            <marc:subfield code="9">rswk-swf</marc:subfield>
            <marc:subfield code="8">13\p</marc:subfield>
            <marc:subfield code="8">14\p</marc:subfield>
            <marc:subfield code="8">15\p</marc:subfield>
        </marc:datafield>
        <marc:datafield ind2="7" ind1=" " tag="650">
            <marc:subfield code="a">Sterben</marc:subfield>
            <marc:subfield code="0">(DE-588)4057310-2</marc:subfield>
            <marc:subfield code="0">(DE-603)085159484</marc:subfield>
            <marc:subfield code="2">gnd</marc:subfield>
            <marc:subfield code="8">7\p</marc:subfield>
            <marc:subfield code="8">11\p</marc:subfield>
        </marc:datafield>
        <marc:datafield ind2="7" ind1=" " tag="650">
            <marc:subfield code="a">Sterben</marc:subfield>
            <marc:subfield code="0">(DE-588)4057310-2</marc:subfield>
            <marc:subfield code="2">gnd</marc:subfield>
            <marc:subfield code="9">rswk-swf</marc:subfield>
            <marc:subfield code="8">13\p</marc:subfield>
            <marc:subfield code="8">14\p</marc:subfield>
            <marc:subfield code="8">15\p</marc:subfield>
        </marc:datafield>
        <marc:datafield ind2="7" ind1=" " tag="650">
            <marc:subfield code="a">Tod</marc:subfield>
            <marc:subfield code="0">(DE-588)4060294-1</marc:subfield>
            <marc:subfield code="0">(DE-603)085167479</marc:subfield>
            <marc:subfield code="2">gnd</marc:subfield>
            <marc:subfield code="8">7\p</marc:subfield>
            <marc:subfield code="8">11\p</marc:subfield>
        </marc:datafield>
        <marc:datafield ind2="7" ind1=" " tag="650">
            <marc:subfield code="a">Tod</marc:subfield>
            <marc:subfield code="0">(DE-588)4060294-1</marc:subfield>
            <marc:subfield code="2">gnd</marc:subfield>
            <marc:subfield code="9">rswk-swf</marc:subfield>
            <marc:subfield code="8">13\p</marc:subfield>
            <marc:subfield code="8">14\p</marc:subfield>
            <marc:subfield code="8">15\p</marc:subfield>
        </marc:datafield>
        <marc:datafield ind2="7" ind1=" " tag="650">
            <marc:subfield code="a">Children</marc:subfield>
            <marc:subfield code="2">Death</marc:subfield>
            <marc:subfield code="8">5\p</marc:subfield>
        </marc:datafield>
        <marc:datafield ind2="7" ind1=" " tag="650">
            <marc:subfield code="a">PSYCHOLOGY</marc:subfield>
            <marc:subfield code="2">Developmental</marc:subfield>
            <marc:subfield code="8">5\p</marc:subfield>
            <marc:subfield code="8">5\p</marc:subfield>
        </marc:datafield>
        <marc:datafield ind2="7" ind1=" " tag="650">
            <marc:subfield code="a">PSYCHOLOGY</marc:subfield>
            <marc:subfield code="2">General</marc:subfield>
            <marc:subfield code="8">5\p</marc:subfield>
        </marc:datafield>
        <marc:datafield ind2="7" ind1=" " tag="650">
            <marc:subfield code="a">FAMILY &amp; RELATIONSHIPS</marc:subfield>
            <marc:subfield code="2">Life Stages</marc:subfield>
            <marc:subfield code="8">5\p</marc:subfield>
        </marc:datafield>
        <marc:datafield ind2="7" ind1=" " tag="650">
            <marc:subfield code="a">Death</marc:subfield>
            <marc:subfield code="2">Psychological aspects</marc:subfield>
            <marc:subfield code="8">5\p</marc:subfield>
        </marc:datafield>
        <marc:datafield ind2="7" ind1="0" tag="650">
            <marc:subfield code="a">Grundschule</marc:subfield>
            <marc:subfield code="0">(DE-588)4022349-8</marc:subfield>
            <marc:subfield code="2">gnd</marc:subfield>
            <marc:subfield code="9">rswk-swf</marc:subfield>
            <marc:subfield code="8">20\p</marc:subfield>
            <marc:subfield code="8">21\p</marc:subfield>
            <marc:subfield code="8">22\p</marc:subfield>
        </marc:datafield>
        <marc:datafield ind2="7" ind1="0" tag="650">
            <marc:subfield code="a">Jenseits</marc:subfield>
            <marc:subfield code="0">(DE-588)4028567-4</marc:subfield>
            <marc:subfield code="2">gnd</marc:subfield>
            <marc:subfield code="9">rswk-swf</marc:subfield>
            <marc:subfield code="8">20\p</marc:subfield>
            <marc:subfield code="8">21\p</marc:subfield>
            <marc:subfield code="8">22\p</marc:subfield>
        </marc:datafield>
        <marc:datafield ind2="7" ind1="0" tag="650">
            <marc:subfield code="a">Religionsunterricht</marc:subfield>
            <marc:subfield code="0">(DE-588)4049422-6</marc:subfield>
            <marc:subfield code="2">gnd</marc:subfield>
            <marc:subfield code="9">rswk-swf</marc:subfield>
            <marc:subfield code="8">20\p</marc:subfield>
            <marc:subfield code="8">21\p</marc:subfield>
            <marc:subfield code="8">22\p</marc:subfield>
        </marc:datafield>
        <marc:datafield ind2="7" ind1="0" tag="650">
            <marc:subfield code="a">Sterben</marc:subfield>
            <marc:subfield code="0">(DE-588)4057310-2</marc:subfield>
            <marc:subfield code="2">gnd</marc:subfield>
            <marc:subfield code="9">rswk-swf</marc:subfield>
            <marc:subfield code="8">20\p</marc:subfield>
            <marc:subfield code="8">21\p</marc:subfield>
            <marc:subfield code="8">22\p</marc:subfield>
        </marc:datafield>
        <marc:datafield ind2="7" ind1="0" tag="650">
            <marc:subfield code="a">Tod</marc:subfield>
            <marc:subfield code="0">(DE-588)4060294-1</marc:subfield>
            <marc:subfield code="2">gnd</marc:subfield>
            <marc:subfield code="9">rswk-swf</marc:subfield>
            <marc:subfield code="8">20\p</marc:subfield>
            <marc:subfield code="8">21\p</marc:subfield>
            <marc:subfield code="8">22\p</marc:subfield>
        </marc:datafield>
        <marc:datafield ind2=" " ind1=" " tag="653">
            <marc:subfield code="a">(Produktform)Book</marc:subfield>
            <marc:subfield code="8">26\p</marc:subfield>
        </marc:datafield>
        <marc:datafield ind2=" " ind1=" " tag="653">
            <marc:subfield code="a">(VLB-WN)1574: Hardcover, Softcover / Pädagogik/Schulpädagogik, Didaktik, Methodik</marc:subfield>
            <marc:subfield code="8">26\p</marc:subfield>
        </marc:datafield>
        <marc:datafield ind2=" " ind1=" " tag="653">
            <marc:subfield code="a">1574: Hardcover, Softcover / Pädagogik/Schulpädagogik, Didaktik, Methodik ; VLB-WN</marc:subfield>
            <marc:subfield code="8">12\p</marc:subfield>
        </marc:datafield>
        <marc:datafield ind2=" " ind1=" " tag="653">
            <marc:subfield code="a">Book ; Produktform</marc:subfield>
            <marc:subfield code="8">12\p</marc:subfield>
        </marc:datafield>
        <marc:datafield ind2=" " ind1=" " tag="653">
            <marc:subfield code="a">Grundschule</marc:subfield>
            <marc:subfield code="8">6\p</marc:subfield>
            <marc:subfield code="8">12\p</marc:subfield>
            <marc:subfield code="8">13\p</marc:subfield>
            <marc:subfield code="8">14\p</marc:subfield>
            <marc:subfield code="8">15\p</marc:subfield>
            <marc:subfield code="8">20\p</marc:subfield>
            <marc:subfield code="8">21\p</marc:subfield>
            <marc:subfield code="8">22\p</marc:subfield>
            <marc:subfield code="8">23\p</marc:subfield>
            <marc:subfield code="8">26\p</marc:subfield>
        </marc:datafield>
        <marc:datafield ind2=" " ind1=" " tag="653">
            <marc:subfield code="a">Religionsunterricht</marc:subfield>
            <marc:subfield code="8">6\p</marc:subfield>
            <marc:subfield code="8">12\p</marc:subfield>
            <marc:subfield code="8">13\p</marc:subfield>
            <marc:subfield code="8">14\p</marc:subfield>
            <marc:subfield code="8">15\p</marc:subfield>
            <marc:subfield code="8">20\p</marc:subfield>
            <marc:subfield code="8">21\p</marc:subfield>
            <marc:subfield code="8">22\p</marc:subfield>
            <marc:subfield code="8">23\p</marc:subfield>
            <marc:subfield code="8">26\p</marc:subfield>
        </marc:datafield>
        <marc:datafield ind2=" " ind1=" " tag="653">
            <marc:subfield code="a">Tod</marc:subfield>
            <marc:subfield code="8">6\p</marc:subfield>
            <marc:subfield code="8">12\p</marc:subfield>
            <marc:subfield code="8">13\p</marc:subfield>
            <marc:subfield code="8">14\p</marc:subfield>
            <marc:subfield code="8">15\p</marc:subfield>
            <marc:subfield code="8">20\p</marc:subfield>
            <marc:subfield code="8">21\p</marc:subfield>
            <marc:subfield code="8">22\p</marc:subfield>
            <marc:subfield code="8">23\p</marc:subfield>
            <marc:subfield code="8">26\p</marc:subfield>
        </marc:datafield>
        <marc:datafield ind2=" " ind1=" " tag="653">
            <marc:subfield code="a">Unterrichtsreihe</marc:subfield>
            <marc:subfield code="8">6\p</marc:subfield>
            <marc:subfield code="8">12\p</marc:subfield>
            <marc:subfield code="8">13\p</marc:subfield>
            <marc:subfield code="8">14\p</marc:subfield>
            <marc:subfield code="8">15\p</marc:subfield>
            <marc:subfield code="8">20\p</marc:subfield>
            <marc:subfield code="8">21\p</marc:subfield>
            <marc:subfield code="8">22\p</marc:subfield>
            <marc:subfield code="8">23\p</marc:subfield>
            <marc:subfield code="8">26\p</marc:subfield>
        </marc:datafield>
        <marc:datafield ind2="6" ind1=" " tag="653">
            <marc:subfield code="a">Electronic books</marc:subfield>
            <marc:subfield code="8">5\p</marc:subfield>
        </marc:datafield>
        <marc:datafield ind2="0" ind1=" " tag="655">
            <marc:subfield code="a">Electronic books</marc:subfield>
            <marc:subfield code="8">3\p</marc:subfield>
        </marc:datafield>
        <marc:datafield ind2="4" ind1=" " tag="655">
            <marc:subfield code="a">Electronic books</marc:subfield>
            <marc:subfield code="8">2\p</marc:subfield>
        </marc:datafield>
        <marc:datafield ind2="7" ind1=" " tag="655">
            <marc:subfield code="0">(DE-588)4187074-8</marc:subfield>
            <marc:subfield code="0">https://d-nb.info/gnd/4187074-8</marc:subfield>
            <marc:subfield code="0">(DE-101)041870743</marc:subfield>
            <marc:subfield code="a">Unterrichtseinheit</marc:subfield>
            <marc:subfield code="2">gnd-content</marc:subfield>
            <marc:subfield code="8">23\p</marc:subfield>
            <marc:subfield code="8">26\p</marc:subfield>
        </marc:datafield>
        <marc:datafield ind2="7" ind1=" " tag="655">
            <marc:subfield code="a">Hochschulschrift</marc:subfield>
            <marc:subfield code="0">(DE-588)4113937-9</marc:subfield>
            <marc:subfield code="0">(DE-627)105825778</marc:subfield>
            <marc:subfield code="0">(DE-576)209480580</marc:subfield>
            <marc:subfield code="2">gnd-content</marc:subfield>
            <marc:subfield code="8">16\p</marc:subfield>
            <marc:subfield code="8">17\p</marc:subfield>
            <marc:subfield code="8">18\p</marc:subfield>
            <marc:subfield code="8">19\p</marc:subfield>
        </marc:datafield>
        <marc:datafield ind2="7" ind1=" " tag="655">
            <marc:subfield code="a">Unterrichtseinheit</marc:subfield>
            <marc:subfield code="0">(DE-588)4187074-8</marc:subfield>
            <marc:subfield code="0">(DE-627)104362839</marc:subfield>
            <marc:subfield code="0">(DE-576)210043393</marc:subfield>
            <marc:subfield code="2">gnd-content</marc:subfield>
            <marc:subfield code="8">16\p</marc:subfield>
            <marc:subfield code="8">17\p</marc:subfield>
            <marc:subfield code="8">18\p</marc:subfield>
            <marc:subfield code="8">19\p</marc:subfield>
        </marc:datafield>
        <marc:datafield ind2="7" ind1=" " tag="655">
            <marc:subfield code="a">Hochschulschrift</marc:subfield>
            <marc:subfield code="0">(DE-588)4113937-9</marc:subfield>
            <marc:subfield code="0">(DE-603)085338818</marc:subfield>
            <marc:subfield code="2">gnd-content</marc:subfield>
            <marc:subfield code="8">11\p</marc:subfield>
        </marc:datafield>
        <marc:datafield ind2="7" ind1=" " tag="655">
            <marc:subfield code="a">Hochschulschrift</marc:subfield>
            <marc:subfield code="0">(DE-588)4113937-9</marc:subfield>
            <marc:subfield code="2">gnd-content</marc:subfield>
            <marc:subfield code="8">13\p</marc:subfield>
            <marc:subfield code="8">14\p</marc:subfield>
            <marc:subfield code="8">15\p</marc:subfield>
            <marc:subfield code="8">20\p</marc:subfield>
            <marc:subfield code="8">21\p</marc:subfield>
            <marc:subfield code="8">22\p</marc:subfield>
        </marc:datafield>
        <marc:datafield ind2="7" ind1=" " tag="655">
            <marc:subfield code="a">Unterrichtseinheit</marc:subfield>
            <marc:subfield code="0">(DE-588)4187074-8</marc:subfield>
            <marc:subfield code="0">(DE-603)085916021</marc:subfield>
            <marc:subfield code="2">gnd-content</marc:subfield>
            <marc:subfield code="8">7\p</marc:subfield>
            <marc:subfield code="8">11\p</marc:subfield>
        </marc:datafield>
        <marc:datafield ind2="7" ind1=" " tag="655">
            <marc:subfield code="a">Unterrichtseinheit</marc:subfield>
            <marc:subfield code="0">(DE-588)4187074-8</marc:subfield>
            <marc:subfield code="2">gnd-content</marc:subfield>
            <marc:subfield code="8">6\p</marc:subfield>
            <marc:subfield code="8">12\p</marc:subfield>
            <marc:subfield code="8">13\p</marc:subfield>
            <marc:subfield code="8">14\p</marc:subfield>
            <marc:subfield code="8">15\p</marc:subfield>
            <marc:subfield code="8">20\p</marc:subfield>
            <marc:subfield code="8">21\p</marc:subfield>
            <marc:subfield code="8">22\p</marc:subfield>
        </marc:datafield>
        <marc:datafield ind2="7" ind1=" " tag="655">
            <marc:subfield code="a">Unterrichtseinheit</marc:subfield>
            <marc:subfield code="9">rswk-swf</marc:subfield>
            <marc:subfield code="2">gnd</marc:subfield>
            <marc:subfield code="8">23\p</marc:subfield>
            <marc:subfield code="8">26\p</marc:subfield>
        </marc:datafield>
        <marc:datafield ind2=" " ind1="0" tag="689">
            <marc:subfield code="5">AT-OBV</marc:subfield>
            <marc:subfield code="5">UBWMHR</marc:subfield>
            <marc:subfield code="8">12\p</marc:subfield>
        </marc:datafield>
        <marc:datafield ind2=" " ind1="0" tag="689">
            <marc:subfield code="5">DE-101</marc:subfield>
            <marc:subfield code="8">16\p</marc:subfield>
            <marc:subfield code="8">17\p</marc:subfield>
            <marc:subfield code="8">18\p</marc:subfield>
            <marc:subfield code="8">19\p</marc:subfield>
        </marc:datafield>
        <marc:datafield ind2=" " ind1="0" tag="689">
            <marc:subfield code="5">DE-101</marc:subfield>
            <marc:subfield code="5">DE-101</marc:subfield>
            <marc:subfield code="8">23\p</marc:subfield>
            <marc:subfield code="8">26\p</marc:subfield>
        </marc:datafield>
        <marc:datafield ind2=" " ind1="0" tag="689">
            <marc:subfield code="5">DE-604</marc:subfield>
            <marc:subfield code="8">20\p</marc:subfield>
            <marc:subfield code="8">21\p</marc:subfield>
            <marc:subfield code="8">22\p</marc:subfield>
        </marc:datafield>
        <marc:datafield ind2="0" ind1="0" tag="689">
            <marc:subfield code="0">(DE-588)4057310-2</marc:subfield>
            <marc:subfield code="0">https://d-nb.info/gnd/4057310-2</marc:subfield>
            <marc:subfield code="0">(DE-101)040573109</marc:subfield>
            <marc:subfield code="D">s</marc:subfield>
            <marc:subfield code="a">Sterben</marc:subfield>
            <marc:subfield code="8">23\p</marc:subfield>
            <marc:subfield code="8">26\p</marc:subfield>
        </marc:datafield>
        <marc:datafield ind2="0" ind1="0" tag="689">
            <marc:subfield code="D">s</marc:subfield>
            <marc:subfield code="0">(DE-588)4057310-2</marc:subfield>
            <marc:subfield code="0">(DE-627)104270462</marc:subfield>
            <marc:subfield code="0">(DE-576)209121556</marc:subfield>
            <marc:subfield code="a">Sterben</marc:subfield>
            <marc:subfield code="2">gnd</marc:subfield>
            <marc:subfield code="8">16\p</marc:subfield>
            <marc:subfield code="8">17\p</marc:subfield>
            <marc:subfield code="8">18\p</marc:subfield>
            <marc:subfield code="8">19\p</marc:subfield>
        </marc:datafield>
        <marc:datafield ind2="0" ind1="0" tag="689">
            <marc:subfield code="s">Sterben</marc:subfield>
            <marc:subfield code="0">(DE-588)4057310-2</marc:subfield>
            <marc:subfield code="2">gnd</marc:subfield>
            <marc:subfield code="8">13\p</marc:subfield>
            <marc:subfield code="8">14\p</marc:subfield>
            <marc:subfield code="8">15\p</marc:subfield>
        </marc:datafield>
        <marc:datafield ind2="0" ind1="0" tag="689">
            <marc:subfield code="a">Sterben</marc:subfield>
            <marc:subfield code="D">s</marc:subfield>
            <marc:subfield code="0">(DE-588)4057310-2</marc:subfield>
            <marc:subfield code="8">6\p</marc:subfield>
            <marc:subfield code="8">20\p</marc:subfield>
            <marc:subfield code="8">21\p</marc:subfield>
            <marc:subfield code="8">22\p</marc:subfield>
        </marc:datafield>
        <marc:datafield ind2="0" ind1="0" tag="689">
            <marc:subfield code="a">Tod</marc:subfield>
            <marc:subfield code="D">s</marc:subfield>
            <marc:subfield code="0">(DE-588)4060294-1</marc:subfield>
            <marc:subfield code="8">12\p</marc:subfield>
        </marc:datafield>
        <marc:datafield ind2="1" ind1="0" tag="689">
            <marc:subfield code="0">(DE-588)4060294-1</marc:subfield>
            <marc:subfield code="0">https://d-nb.info/gnd/4060294-1</marc:subfield>
            <marc:subfield code="0">(DE-101)04060294X</marc:subfield>
            <marc:subfield code="D">s</marc:subfield>
            <marc:subfield code="a">Tod</marc:subfield>
            <marc:subfield code="8">23\p</marc:subfield>
            <marc:subfield code="8">26\p</marc:subfield>
        </marc:datafield>
        <marc:datafield ind2="1" ind1="0" tag="689">
            <marc:subfield code="D">s</marc:subfield>
            <marc:subfield code="0">(DE-588)4060294-1</marc:subfield>
            <marc:subfield code="0">(DE-627)106140086</marc:subfield>
            <marc:subfield code="0">(DE-576)209134666</marc:subfield>
            <marc:subfield code="a">Tod</marc:subfield>
            <marc:subfield code="2">gnd</marc:subfield>
            <marc:subfield code="8">16\p</marc:subfield>
            <marc:subfield code="8">17\p</marc:subfield>
            <marc:subfield code="8">18\p</marc:subfield>
            <marc:subfield code="8">19\p</marc:subfield>
        </marc:datafield>
        <marc:datafield ind2="1" ind1="0" tag="689">
            <marc:subfield code="a">Jenseits</marc:subfield>
            <marc:subfield code="D">s</marc:subfield>
            <marc:subfield code="0">(DE-588)4028567-4</marc:subfield>
            <marc:subfield code="8">12\p</marc:subfield>
        </marc:datafield>
        <marc:datafield ind2="1" ind1="0" tag="689">
            <marc:subfield code="s">Tod</marc:subfield>
            <marc:subfield code="0">(DE-588)4060294-1</marc:subfield>
            <marc:subfield code="2">gnd</marc:subfield>
            <marc:subfield code="8">13\p</marc:subfield>
            <marc:subfield code="8">14\p</marc:subfield>
            <marc:subfield code="8">15\p</marc:subfield>
        </marc:datafield>
        <marc:datafield ind2="1" ind1="0" tag="689">
            <marc:subfield code="a">Tod</marc:subfield>
            <marc:subfield code="D">s</marc:subfield>
            <marc:subfield code="0">(DE-588)4060294-1</marc:subfield>
            <marc:subfield code="8">6\p</marc:subfield>
            <marc:subfield code="8">20\p</marc:subfield>
            <marc:subfield code="8">21\p</marc:subfield>
            <marc:subfield code="8">22\p</marc:subfield>
        </marc:datafield>
        <marc:datafield ind2="2" ind1="0" tag="689">
            <marc:subfield code="0">(DE-588)4028567-4</marc:subfield>
            <marc:subfield code="0">https://d-nb.info/gnd/4028567-4</marc:subfield>
            <marc:subfield code="0">(DE-101)040285677</marc:subfield>
            <marc:subfield code="D">s</marc:subfield>
            <marc:subfield code="a">Jenseits</marc:subfield>
            <marc:subfield code="8">23\p</marc:subfield>
            <marc:subfield code="8">26\p</marc:subfield>
        </marc:datafield>
        <marc:datafield ind2="2" ind1="0" tag="689">
            <marc:subfield code="D">s</marc:subfield>
            <marc:subfield code="0">(DE-588)4028567-4</marc:subfield>
            <marc:subfield code="0">(DE-627)10418924X</marc:subfield>
            <marc:subfield code="0">(DE-576)208977945</marc:subfield>
            <marc:subfield code="a">Jenseits</marc:subfield>
            <marc:subfield code="2">gnd</marc:subfield>
            <marc:subfield code="8">16\p</marc:subfield>
            <marc:subfield code="8">17\p</marc:subfield>
            <marc:subfield code="8">18\p</marc:subfield>
            <marc:subfield code="8">19\p</marc:subfield>
        </marc:datafield>
        <marc:datafield ind2="2" ind1="0" tag="689">
            <marc:subfield code="s">Jenseits</marc:subfield>
            <marc:subfield code="0">(DE-588)4028567-4</marc:subfield>
            <marc:subfield code="2">gnd</marc:subfield>
            <marc:subfield code="8">13\p</marc:subfield>
            <marc:subfield code="8">14\p</marc:subfield>
            <marc:subfield code="8">15\p</marc:subfield>
        </marc:datafield>
        <marc:datafield ind2="2" ind1="0" tag="689">
            <marc:subfield code="a">Jenseits</marc:subfield>
            <marc:subfield code="D">s</marc:subfield>
            <marc:subfield code="0">(DE-588)4028567-4</marc:subfield>
            <marc:subfield code="8">6\p</marc:subfield>
            <marc:subfield code="8">20\p</marc:subfield>
            <marc:subfield code="8">21\p</marc:subfield>
            <marc:subfield code="8">22\p</marc:subfield>
        </marc:datafield>
        <marc:datafield ind2="2" ind1="0" tag="689">
            <marc:subfield code="a">Religionsunterricht</marc:subfield>
            <marc:subfield code="D">s</marc:subfield>
            <marc:subfield code="0">(DE-588)4049422-6</marc:subfield>
            <marc:subfield code="8">12\p</marc:subfield>
        </marc:datafield>
        <marc:datafield ind2="3" ind1="0" tag="689">
            <marc:subfield code="0">(DE-588)4049422-6</marc:subfield>
            <marc:subfield code="0">https://d-nb.info/gnd/4049422-6</marc:subfield>
            <marc:subfield code="0">(DE-101)040494225</marc:subfield>
            <marc:subfield code="D">s</marc:subfield>
            <marc:subfield code="a">Religionsunterricht</marc:subfield>
            <marc:subfield code="8">23\p</marc:subfield>
            <marc:subfield code="8">26\p</marc:subfield>
        </marc:datafield>
        <marc:datafield ind2="3" ind1="0" tag="689">
            <marc:subfield code="D">s</marc:subfield>
            <marc:subfield code="0">(DE-588)4049422-6</marc:subfield>
            <marc:subfield code="0">(DE-627)106187074</marc:subfield>
            <marc:subfield code="0">(DE-576)209081996</marc:subfield>
            <marc:subfield code="a">Religionsunterricht</marc:subfield>
            <marc:subfield code="2">gnd</marc:subfield>
            <marc:subfield code="8">16\p</marc:subfield>
            <marc:subfield code="8">17\p</marc:subfield>
            <marc:subfield code="8">18\p</marc:subfield>
            <marc:subfield code="8">19\p</marc:subfield>
        </marc:datafield>
        <marc:datafield ind2="3" ind1="0" tag="689">
            <marc:subfield code="s">Religionsunterricht</marc:subfield>
            <marc:subfield code="0">(DE-588)4049422-6</marc:subfield>
            <marc:subfield code="2">gnd</marc:subfield>
            <marc:subfield code="8">13\p</marc:subfield>
            <marc:subfield code="8">14\p</marc:subfield>
            <marc:subfield code="8">15\p</marc:subfield>
        </marc:datafield>
        <marc:datafield ind2="3" ind1="0" tag="689">
            <marc:subfield code="a">Religionsunterricht</marc:subfield>
            <marc:subfield code="D">s</marc:subfield>
            <marc:subfield code="0">(DE-588)4049422-6</marc:subfield>
            <marc:subfield code="8">6\p</marc:subfield>
            <marc:subfield code="8">20\p</marc:subfield>
            <marc:subfield code="8">21\p</marc:subfield>
            <marc:subfield code="8">22\p</marc:subfield>
        </marc:datafield>
        <marc:datafield ind2="4" ind1="0" tag="689">
            <marc:subfield code="0">(DE-588)4022349-8</marc:subfield>
            <marc:subfield code="0">https://d-nb.info/gnd/4022349-8</marc:subfield>
            <marc:subfield code="0">(DE-101)040223493</marc:subfield>
            <marc:subfield code="D">s</marc:subfield>
            <marc:subfield code="a">Grundschule</marc:subfield>
            <marc:subfield code="8">23\p</marc:subfield>
            <marc:subfield code="8">26\p</marc:subfield>
        </marc:datafield>
        <marc:datafield ind2="4" ind1="0" tag="689">
            <marc:subfield code="D">s</marc:subfield>
            <marc:subfield code="0">(DE-588)4022349-8</marc:subfield>
            <marc:subfield code="0">(DE-627)106309366</marc:subfield>
            <marc:subfield code="0">(DE-576)208943153</marc:subfield>
            <marc:subfield code="a">Grundschule</marc:subfield>
            <marc:subfield code="2">gnd</marc:subfield>
            <marc:subfield code="8">16\p</marc:subfield>
            <marc:subfield code="8">17\p</marc:subfield>
            <marc:subfield code="8">18\p</marc:subfield>
            <marc:subfield code="8">19\p</marc:subfield>
        </marc:datafield>
        <marc:datafield ind2="4" ind1="0" tag="689">
            <marc:subfield code="s">Grundschule</marc:subfield>
            <marc:subfield code="0">(DE-588)4022349-8</marc:subfield>
            <marc:subfield code="2">gnd</marc:subfield>
            <marc:subfield code="8">13\p</marc:subfield>
            <marc:subfield code="8">14\p</marc:subfield>
            <marc:subfield code="8">15\p</marc:subfield>
        </marc:datafield>
        <marc:datafield ind2="4" ind1="0" tag="689">
            <marc:subfield code="a">Grundschule</marc:subfield>
            <marc:subfield code="D">s</marc:subfield>
            <marc:subfield code="0">(DE-588)4022349-8</marc:subfield>
            <marc:subfield code="8">6\p</marc:subfield>
            <marc:subfield code="8">20\p</marc:subfield>
            <marc:subfield code="8">21\p</marc:subfield>
            <marc:subfield code="8">22\p</marc:subfield>
        </marc:datafield>
        <marc:datafield ind2="5" ind1="0" tag="689">
            <marc:subfield code="A">f</marc:subfield>
            <marc:subfield code="a">Unterrichtseinheit</marc:subfield>
            <marc:subfield code="8">23\p</marc:subfield>
            <marc:subfield code="8">26\p</marc:subfield>
        </marc:datafield>
        <marc:datafield ind2=" " ind1="1" tag="700">
            <marc:subfield code="a">Kiener, Robin Alexander</marc:subfield>
            <marc:subfield code="d">1976-</marc:subfield>
            <marc:subfield code="0">(DE-588)1030231648</marc:subfield>
            <marc:subfield code="4">aut</marc:subfield>
            <marc:subfield code="e">Verfasser</marc:subfield>
            <marc:subfield code="8">2\p</marc:subfield>
        </marc:datafield>
        <marc:datafield ind2=" " ind1=" " tag="883">
            <marc:subfield code="8">8\p</marc:subfield>
            <marc:subfield code="a">cgwrk</marc:subfield>
            <marc:subfield code="d">20220215</marc:subfield>
            <marc:subfield code="q">DE-101</marc:subfield>
            <marc:subfield code="u">https://d-nb.info/provenance/plan#cgwrk</marc:subfield>
        </marc:datafield>
        <marc:datafield ind2=" " ind1=" " tag="883">
            <marc:subfield code="8">4\p</marc:subfield>
            <marc:subfield code="a">cgwrk</marc:subfield>
            <marc:subfield code="d">20241001</marc:subfield>
            <marc:subfield code="q">DE-101</marc:subfield>
            <marc:subfield code="u">https://d-nb.info/provenance/plan#cgwrk</marc:subfield>
            <marc:subfield code="8">10\p</marc:subfield>
        </marc:datafield>
        <marc:datafield ind2=" " ind1="2" tag="883">
            <marc:subfield code="8">25\p</marc:subfield>
            <marc:subfield code="a">dnb-pa</marc:subfield>
            <marc:subfield code="d">20150305</marc:subfield>
            <marc:subfield code="q">DE-101</marc:subfield>
            <marc:subfield code="u">https://d-nb.info/provenance/plan#dnb-pa</marc:subfield>
        </marc:datafield>
    </marc:record>