
    <marc:record>
        <marc:leader>00000nam a2200000 a 4500</marc:leader>
        <marc:controlfield tag="001">CG_3693872_2025-06-04T08:01:48.946Z</marc:controlfield>
        <marc:controlfield tag="003">DE-101</marc:controlfield>
        <marc:datafield ind2=" " ind1=" " tag="035">
            <marc:subfield code="a">(AT-OBV)990120834680203331</marc:subfield>
            <marc:subfield code="8">2\p</marc:subfield>
        </marc:datafield>
        <marc:datafield ind2=" " ind1=" " tag="035">
            <marc:subfield code="a">(DE-605)990147965120206441</marc:subfield>
            <marc:subfield code="8">1\p</marc:subfield>
        </marc:datafield>
        <marc:datafield ind2=" " ind1=" " tag="035">
            <marc:subfield code="a">(DE-627)1628899751</marc:subfield>
            <marc:subfield code="8">3\p</marc:subfield>
        </marc:datafield>
        <marc:datafield ind2=" " ind1=" " tag="035">
            <marc:subfield code="a">(DE-627)1900555255</marc:subfield>
            <marc:subfield code="8">4\p</marc:subfield>
        </marc:datafield>
        <marc:datafield ind2=" " ind1=" " tag="084">
            <marc:subfield code="a">AHF II/4._1.1._6/__/_7</marc:subfield>
            <marc:subfield code="q">DE-101</marc:subfield>
            <marc:subfield code="2">sdnb</marc:subfield>
            <marc:subfield code="8">2\p</marc:subfield>
        </marc:datafield>
        <marc:datafield ind2=" " ind1=" " tag="084">
            <marc:subfield code="a">1</marc:subfield>
            <marc:subfield code="2">ssgn</marc:subfield>
            <marc:subfield code="8">3\p</marc:subfield>
            <marc:subfield code="8">4\p</marc:subfield>
        </marc:datafield>
        <marc:datafield ind2=" " ind1="1" tag="100">
            <marc:subfield code="a">Michels, Helmut</marc:subfield>
            <marc:subfield code="d">1929-</marc:subfield>
            <marc:subfield code="e">VerfasserIn</marc:subfield>
            <marc:subfield code="0">(DE-588)1067833781</marc:subfield>
            <marc:subfield code="0">(DE-627)81924029X</marc:subfield>
            <marc:subfield code="0">(DE-576)426961501</marc:subfield>
            <marc:subfield code="4">aut</marc:subfield>
            <marc:subfield code="8">3\p</marc:subfield>
            <marc:subfield code="8">4\p</marc:subfield>
        </marc:datafield>
        <marc:datafield ind2=" " ind1="1" tag="100">
            <marc:subfield code="a">Michels, Helmut</marc:subfield>
            <marc:subfield code="4">aut</marc:subfield>
            <marc:subfield code="8">2\p</marc:subfield>
        </marc:datafield>
        <marc:datafield ind2=" " ind1="1" tag="100">
            <marc:subfield code="a">Michels, Helmut</marc:subfield>
            <marc:subfield code="4">aut</marc:subfield>
            <marc:subfield code="e">Verfasser</marc:subfield>
            <marc:subfield code="8">1\p</marc:subfield>
        </marc:datafield>
        <marc:datafield ind2=" " ind1="0" tag="689">
            <marc:subfield code="5">(DE-627)</marc:subfield>
            <marc:subfield code="8">3\p</marc:subfield>
            <marc:subfield code="8">4\p</marc:subfield>
        </marc:datafield>
        <marc:datafield ind2="0" ind1="0" tag="689">
            <marc:subfield code="D">p</marc:subfield>
            <marc:subfield code="0">(DE-588)118718665</marc:subfield>
            <marc:subfield code="0">(DE-627)147131545</marc:subfield>
            <marc:subfield code="0">(DE-576)161191924</marc:subfield>
            <marc:subfield code="a">Gregor</marc:subfield>
            <marc:subfield code="b">II.</marc:subfield>
            <marc:subfield code="c">Papst</marc:subfield>
            <marc:subfield code="d">669-731</marc:subfield>
            <marc:subfield code="2">gnd</marc:subfield>
            <marc:subfield code="8">3\p</marc:subfield>
            <marc:subfield code="8">4\p</marc:subfield>
        </marc:datafield>
        <marc:datafield ind2="0" ind1="0" tag="689">
            <marc:subfield code="a">Leo</marc:subfield>
            <marc:subfield code="b">III.</marc:subfield>
            <marc:subfield code="c">Imperium Byzantinum, Imperator</marc:subfield>
            <marc:subfield code="d">680-740</marc:subfield>
            <marc:subfield code="D">p</marc:subfield>
            <marc:subfield code="0">(DE-588)118779540</marc:subfield>
            <marc:subfield code="8">1\p</marc:subfield>
            <marc:subfield code="8">2\p</marc:subfield>
        </marc:datafield>
        <marc:datafield ind2="1" ind1="0" tag="689">
            <marc:subfield code="D">p</marc:subfield>
            <marc:subfield code="0">(DE-588)118779540</marc:subfield>
            <marc:subfield code="0">(DE-627)079557880</marc:subfield>
            <marc:subfield code="0">(DE-576)161960405</marc:subfield>
            <marc:subfield code="a">Leo</marc:subfield>
            <marc:subfield code="b">III.</marc:subfield>
            <marc:subfield code="c">Imperium Byzantinum, Imperator</marc:subfield>
            <marc:subfield code="d">680-740</marc:subfield>
            <marc:subfield code="2">gnd</marc:subfield>
            <marc:subfield code="8">3\p</marc:subfield>
            <marc:subfield code="8">4\p</marc:subfield>
        </marc:datafield>
        <marc:datafield ind2="1" ind1="0" tag="689">
            <marc:subfield code="a">Gregor</marc:subfield>
            <marc:subfield code="b">II.</marc:subfield>
            <marc:subfield code="c">Papst</marc:subfield>
            <marc:subfield code="d">669-731</marc:subfield>
            <marc:subfield code="D">p</marc:subfield>
            <marc:subfield code="0">(DE-588)118718665</marc:subfield>
            <marc:subfield code="8">1\p</marc:subfield>
            <marc:subfield code="8">2\p</marc:subfield>
        </marc:datafield>
        <marc:datafield ind2="2" ind1="0" tag="689">
            <marc:subfield code="D">s</marc:subfield>
            <marc:subfield code="0">(DE-588)4146609-3</marc:subfield>
            <marc:subfield code="0">(DE-627)104269936</marc:subfield>
            <marc:subfield code="0">(DE-576)209750472</marc:subfield>
            <marc:subfield code="a">Briefsammlung</marc:subfield>
            <marc:subfield code="2">gnd</marc:subfield>
            <marc:subfield code="8">3\p</marc:subfield>
            <marc:subfield code="8">4\p</marc:subfield>
        </marc:datafield>
        <marc:datafield ind2="2" ind1="0" tag="689">
            <marc:subfield code="a">Brief</marc:subfield>
            <marc:subfield code="D">s</marc:subfield>
            <marc:subfield code="0">(DE-588)4008240-4</marc:subfield>
            <marc:subfield code="8">1\p</marc:subfield>
            <marc:subfield code="8">2\p</marc:subfield>
        </marc:datafield>
        <marc:datafield ind2="3" ind1="0" tag="689">
            <marc:subfield code="a">Echtheit</marc:subfield>
            <marc:subfield code="D">s</marc:subfield>
            <marc:subfield code="0">(DE-588)4150998-5</marc:subfield>
            <marc:subfield code="8">1\p</marc:subfield>
            <marc:subfield code="8">2\p</marc:subfield>
        </marc:datafield>
    </marc:record>