
    <marc:record>
        <marc:leader>00000nam a2200000 a 4500</marc:leader>
        <marc:controlfield tag="001">CG_3693873_2025-06-04T08:01:48.946Z</marc:controlfield>
        <marc:controlfield tag="003">DE-101</marc:controlfield>
        <marc:datafield ind2=" " ind1=" " tag="035">
            <marc:subfield code="a">(AT-OBV)990120834700203331</marc:subfield>
            <marc:subfield code="8">2\p</marc:subfield>
        </marc:datafield>
        <marc:datafield ind2=" " ind1=" " tag="035">
            <marc:subfield code="a">(DE-101)1066784469</marc:subfield>
            <marc:subfield code="8">12\p</marc:subfield>
        </marc:datafield>
        <marc:datafield ind2=" " ind1=" " tag="035">
            <marc:subfield code="a">(DE-101)1080152237</marc:subfield>
            <marc:subfield code="8">14\p</marc:subfield>
        </marc:datafield>
        <marc:datafield ind2=" " ind1=" " tag="035">
            <marc:subfield code="a">(DE-603)356826015</marc:subfield>
            <marc:subfield code="8">7\p</marc:subfield>
        </marc:datafield>
        <marc:datafield ind2=" " ind1=" " tag="035">
            <marc:subfield code="a">(DE-603)36854222X</marc:subfield>
            <marc:subfield code="8">6\p</marc:subfield>
        </marc:datafield>
        <marc:datafield ind2=" " ind1=" " tag="035">
            <marc:subfield code="a">(DE-604)BV042677626</marc:subfield>
            <marc:subfield code="8">8\p</marc:subfield>
        </marc:datafield>
        <marc:datafield ind2=" " ind1=" " tag="035">
            <marc:subfield code="a">(DE-604)BV048283158</marc:subfield>
            <marc:subfield code="8">11\p</marc:subfield>
        </marc:datafield>
        <marc:datafield ind2=" " ind1=" " tag="035">
            <marc:subfield code="a">(DE-605)990207214230206441</marc:subfield>
            <marc:subfield code="8">5\p</marc:subfield>
        </marc:datafield>
        <marc:datafield ind2=" " ind1=" " tag="035">
            <marc:subfield code="a">(DE-627)1657711633</marc:subfield>
            <marc:subfield code="8">1\p</marc:subfield>
        </marc:datafield>
        <marc:datafield ind2=" " ind1=" " tag="035">
            <marc:subfield code="a">(DE-627)1805879065</marc:subfield>
            <marc:subfield code="8">3\p</marc:subfield>
        </marc:datafield>
        <marc:datafield ind2=" " ind1=" " tag="035">
            <marc:subfield code="a">(DE-627)1844756033</marc:subfield>
            <marc:subfield code="8">10\p</marc:subfield>
        </marc:datafield>
        <marc:datafield ind2=" " ind1=" " tag="035">
            <marc:subfield code="a">(DE-627)818501855</marc:subfield>
            <marc:subfield code="8">9\p</marc:subfield>
        </marc:datafield>
        <marc:datafield ind2=" " ind1="0" tag="082">
            <marc:subfield code="a">230.083</marc:subfield>
            <marc:subfield code="2">22//ger</marc:subfield>
            <marc:subfield code="8">8\p</marc:subfield>
        </marc:datafield>
        <marc:datafield ind2=" " ind1="0" tag="082">
            <marc:subfield code="a">230.083</marc:subfield>
            <marc:subfield code="8">9\p</marc:subfield>
            <marc:subfield code="8">10\p</marc:subfield>
        </marc:datafield>
        <marc:datafield ind2=" " ind1="0" tag="082">
            <marc:subfield code="a">268.432</marc:subfield>
            <marc:subfield code="8">3\p</marc:subfield>
        </marc:datafield>
        <marc:datafield ind2="4" ind1="0" tag="082">
            <marc:subfield code="8">1\u</marc:subfield>
            <marc:subfield code="a">230.083</marc:subfield>
            <marc:subfield code="q">DE-101</marc:subfield>
            <marc:subfield code="2">22/ger</marc:subfield>
            <marc:subfield code="8">7\p</marc:subfield>
            <marc:subfield code="8">3\u</marc:subfield>
            <marc:subfield code="8">12\p</marc:subfield>
            <marc:subfield code="8">13\u</marc:subfield>
            <marc:subfield code="8">25\p</marc:subfield>
            <marc:subfield code="8">14\p</marc:subfield>
        </marc:datafield>
        <marc:datafield ind2="4" ind1="0" tag="082">
            <marc:subfield code="a">230</marc:subfield>
            <marc:subfield code="a">100</marc:subfield>
            <marc:subfield code="q">DNB</marc:subfield>
            <marc:subfield code="8">9\p</marc:subfield>
            <marc:subfield code="8">10\p</marc:subfield>
        </marc:datafield>
        <marc:datafield ind2="4" ind1="0" tag="082">
            <marc:subfield code="a">200</marc:subfield>
            <marc:subfield code="8">9\p</marc:subfield>
            <marc:subfield code="8">10\p</marc:subfield>
        </marc:datafield>
        <marc:datafield ind2="4" ind1="0" tag="082">
            <marc:subfield code="a">230</marc:subfield>
            <marc:subfield code="8">1\p</marc:subfield>
        </marc:datafield>
        <marc:datafield ind2=" " ind1="7" tag="083">
            <marc:subfield code="a">230</marc:subfield>
            <marc:subfield code="a">100</marc:subfield>
            <marc:subfield code="q">DE-101</marc:subfield>
            <marc:subfield code="2">23sdnb</marc:subfield>
            <marc:subfield code="8">12\p</marc:subfield>
        </marc:datafield>
        <marc:datafield ind2=" " ind1="7" tag="083">
            <marc:subfield code="8">26\p</marc:subfield>
            <marc:subfield code="a">230</marc:subfield>
            <marc:subfield code="q">DE-101</marc:subfield>
            <marc:subfield code="2">23sdnb</marc:subfield>
            <marc:subfield code="8">14\p</marc:subfield>
        </marc:datafield>
        <marc:datafield ind2=" " ind1=" " tag="084">
            <marc:subfield code="a">BU 2100</marc:subfield>
            <marc:subfield code="2">rvk</marc:subfield>
            <marc:subfield code="0">(DE-625)rvk/16849:</marc:subfield>
            <marc:subfield code="8">9\p</marc:subfield>
            <marc:subfield code="8">10\p</marc:subfield>
        </marc:datafield>
        <marc:datafield ind2=" " ind1=" " tag="084">
            <marc:subfield code="a">11.09</marc:subfield>
            <marc:subfield code="2">bkl</marc:subfield>
            <marc:subfield code="8">2\p</marc:subfield>
        </marc:datafield>
        <marc:datafield ind2=" " ind1=" " tag="084">
            <marc:subfield code="a">71.35</marc:subfield>
            <marc:subfield code="2">bkl</marc:subfield>
            <marc:subfield code="8">2\p</marc:subfield>
        </marc:datafield>
        <marc:datafield ind2=" " ind1=" " tag="084">
            <marc:subfield code="a">Kindertheologie ; Kongress ; Trondheim &lt;2013&gt; Kind ; Philosophie ; Kongress ; Trondheim &lt;2013&gt;</marc:subfield>
            <marc:subfield code="2">rvk</marc:subfield>
            <marc:subfield code="8">12\p</marc:subfield>
            <marc:subfield code="8">14\p</marc:subfield>
        </marc:datafield>
        <marc:datafield ind2=" " ind1=" " tag="084">
            <marc:subfield code="a">100</marc:subfield>
            <marc:subfield code="a">230</marc:subfield>
            <marc:subfield code="q">DE-101</marc:subfield>
            <marc:subfield code="2">sdnb</marc:subfield>
            <marc:subfield code="8">6\p</marc:subfield>
            <marc:subfield code="8">7\p</marc:subfield>
        </marc:datafield>
        <marc:datafield ind2=" " ind1=" " tag="084">
            <marc:subfield code="a">200</marc:subfield>
            <marc:subfield code="2">sdnb</marc:subfield>
            <marc:subfield code="8">8\p</marc:subfield>
        </marc:datafield>
        <marc:datafield ind2=" " ind1=" " tag="084">
            <marc:subfield code="a">200</marc:subfield>
            <marc:subfield code="q">DE-101</marc:subfield>
            <marc:subfield code="2">sdnb</marc:subfield>
            <marc:subfield code="8">5\p</marc:subfield>
        </marc:datafield>
        <marc:datafield ind2=" " ind1=" " tag="084">
            <marc:subfield code="a">1</marc:subfield>
            <marc:subfield code="2">ssgn</marc:subfield>
            <marc:subfield code="8">9\p</marc:subfield>
            <marc:subfield code="8">10\p</marc:subfield>
        </marc:datafield>
        <marc:datafield ind2=" " ind1=" " tag="085">
            <marc:subfield code="8">1\u</marc:subfield>
            <marc:subfield code="b">230</marc:subfield>
            <marc:subfield code="8">7\p</marc:subfield>
            <marc:subfield code="8">3\u</marc:subfield>
            <marc:subfield code="8">12\p</marc:subfield>
            <marc:subfield code="8">13\u</marc:subfield>
            <marc:subfield code="8">14\p</marc:subfield>
        </marc:datafield>
        <marc:datafield ind2=" " ind1=" " tag="085">
            <marc:subfield code="8">1\u</marc:subfield>
            <marc:subfield code="z">1</marc:subfield>
            <marc:subfield code="s">083</marc:subfield>
            <marc:subfield code="8">7\p</marc:subfield>
            <marc:subfield code="8">3\u</marc:subfield>
            <marc:subfield code="8">12\p</marc:subfield>
            <marc:subfield code="8">13\u</marc:subfield>
            <marc:subfield code="8">14\p</marc:subfield>
        </marc:datafield>
        <marc:datafield ind2=" " ind1="1" tag="100">
            <marc:subfield code="8">16\p</marc:subfield>
            <marc:subfield code="0">(DE-588)128623454</marc:subfield>
            <marc:subfield code="0">https://d-nb.info/gnd/128623454</marc:subfield>
            <marc:subfield code="0">(DE-101)128623454</marc:subfield>
            <marc:subfield code="a">Freudenberger-Lötz, Petra</marc:subfield>
            <marc:subfield code="d">1966-</marc:subfield>
            <marc:subfield code="e">Verfasser</marc:subfield>
            <marc:subfield code="4">aut</marc:subfield>
            <marc:subfield code="2">gnd</marc:subfield>
            <marc:subfield code="8">14\p</marc:subfield>
        </marc:datafield>
        <marc:datafield ind2=" " ind1="1" tag="100">
            <marc:subfield code="a">Freudenberger-Lötz, Petra</marc:subfield>
            <marc:subfield code="d">1966-</marc:subfield>
            <marc:subfield code="0">(DE-588)128623454</marc:subfield>
            <marc:subfield code="0">(DE-627)376566906</marc:subfield>
            <marc:subfield code="0">(DE-576)173219659</marc:subfield>
            <marc:subfield code="4">aut</marc:subfield>
            <marc:subfield code="8">1\p</marc:subfield>
        </marc:datafield>
        <marc:datafield ind2="0" ind1=" " tag="650">
            <marc:subfield code="a">Christian education</marc:subfield>
            <marc:subfield code="8">3\p</marc:subfield>
            <marc:subfield code="8">9\p</marc:subfield>
            <marc:subfield code="8">10\p</marc:subfield>
        </marc:datafield>
        <marc:datafield ind2="0" ind1=" " tag="650">
            <marc:subfield code="a">Religious education of children</marc:subfield>
            <marc:subfield code="8">3\p</marc:subfield>
            <marc:subfield code="8">9\p</marc:subfield>
            <marc:subfield code="8">10\p</marc:subfield>
        </marc:datafield>
        <marc:datafield ind2="4" ind1=" " tag="650">
            <marc:subfield code="a">Christian education</marc:subfield>
            <marc:subfield code="8">11\p</marc:subfield>
            <marc:subfield code="8">11\p</marc:subfield>
        </marc:datafield>
        <marc:datafield ind2="4" ind1=" " tag="650">
            <marc:subfield code="a">RELIGION ; Christian Education ; General</marc:subfield>
            <marc:subfield code="8">3\p</marc:subfield>
        </marc:datafield>
        <marc:datafield ind2="4" ind1=" " tag="650">
            <marc:subfield code="a">Religious education of children</marc:subfield>
            <marc:subfield code="8">11\p</marc:subfield>
            <marc:subfield code="8">11\p</marc:subfield>
        </marc:datafield>
        <marc:datafield ind2="4" ind1=" " tag="650">
            <marc:subfield code="a">Éducation religieuse des enfants</marc:subfield>
            <marc:subfield code="8">11\p</marc:subfield>
        </marc:datafield>
        <marc:datafield ind2="7" ind1=" " tag="650">
            <marc:subfield code="0">(DE-588)4030550-8</marc:subfield>
            <marc:subfield code="0">https://d-nb.info/gnd/4030550-8</marc:subfield>
            <marc:subfield code="0">(DE-101)040305503</marc:subfield>
            <marc:subfield code="a">Kind</marc:subfield>
            <marc:subfield code="9">rswk-swf</marc:subfield>
            <marc:subfield code="2">gnd</marc:subfield>
            <marc:subfield code="8">12\p</marc:subfield>
            <marc:subfield code="8">20\p</marc:subfield>
            <marc:subfield code="8">14\p</marc:subfield>
        </marc:datafield>
        <marc:datafield ind2="7" ind1=" " tag="650">
            <marc:subfield code="0">(DE-588)4045791-6</marc:subfield>
            <marc:subfield code="0">https://d-nb.info/gnd/4045791-6</marc:subfield>
            <marc:subfield code="0">(DE-101)040457915</marc:subfield>
            <marc:subfield code="a">Philosophie</marc:subfield>
            <marc:subfield code="9">rswk-swf</marc:subfield>
            <marc:subfield code="2">gnd</marc:subfield>
            <marc:subfield code="8">12\p</marc:subfield>
            <marc:subfield code="8">22\p</marc:subfield>
            <marc:subfield code="8">14\p</marc:subfield>
        </marc:datafield>
        <marc:datafield ind2="7" ind1=" " tag="650">
            <marc:subfield code="0">(DE-588)7671722-7</marc:subfield>
            <marc:subfield code="0">https://d-nb.info/gnd/7671722-7</marc:subfield>
            <marc:subfield code="0">(DE-101)996418067</marc:subfield>
            <marc:subfield code="a">Kindertheologie</marc:subfield>
            <marc:subfield code="9">rswk-swf</marc:subfield>
            <marc:subfield code="2">gnd</marc:subfield>
            <marc:subfield code="8">12\p</marc:subfield>
            <marc:subfield code="8">18\p</marc:subfield>
            <marc:subfield code="8">14\p</marc:subfield>
        </marc:datafield>
        <marc:datafield ind2="7" ind1=" " tag="650">
            <marc:subfield code="a">Kind</marc:subfield>
            <marc:subfield code="0">(DE-588)4030550-8</marc:subfield>
            <marc:subfield code="0">(DE-603)08508090X</marc:subfield>
            <marc:subfield code="2">gnd</marc:subfield>
            <marc:subfield code="8">6\p</marc:subfield>
            <marc:subfield code="8">7\p</marc:subfield>
        </marc:datafield>
        <marc:datafield ind2="7" ind1=" " tag="650">
            <marc:subfield code="a">Philosophie</marc:subfield>
            <marc:subfield code="0">(DE-588)4045791-6</marc:subfield>
            <marc:subfield code="0">(DE-603)08512821X</marc:subfield>
            <marc:subfield code="2">gnd</marc:subfield>
            <marc:subfield code="8">6\p</marc:subfield>
            <marc:subfield code="8">7\p</marc:subfield>
        </marc:datafield>
        <marc:datafield ind2="7" ind1=" " tag="650">
            <marc:subfield code="a">Kindertheologie</marc:subfield>
            <marc:subfield code="0">(DE-588)7671722-7</marc:subfield>
            <marc:subfield code="0">(DE-603)215325745</marc:subfield>
            <marc:subfield code="2">gnd</marc:subfield>
            <marc:subfield code="8">6\p</marc:subfield>
            <marc:subfield code="8">7\p</marc:subfield>
        </marc:datafield>
        <marc:datafield ind2="7" ind1=" " tag="650">
            <marc:subfield code="a">RELIGION</marc:subfield>
            <marc:subfield code="2">Christian Education</marc:subfield>
            <marc:subfield code="8">11\p</marc:subfield>
        </marc:datafield>
        <marc:datafield ind2="7" ind1="0" tag="650">
            <marc:subfield code="a">Kind</marc:subfield>
            <marc:subfield code="0">(DE-588)4030550-8</marc:subfield>
            <marc:subfield code="2">gnd</marc:subfield>
            <marc:subfield code="9">rswk-swf</marc:subfield>
            <marc:subfield code="8">8\p</marc:subfield>
            <marc:subfield code="8">11\p</marc:subfield>
        </marc:datafield>
        <marc:datafield ind2="7" ind1="0" tag="650">
            <marc:subfield code="a">Philosophie</marc:subfield>
            <marc:subfield code="0">(DE-588)4045791-6</marc:subfield>
            <marc:subfield code="2">gnd</marc:subfield>
            <marc:subfield code="9">rswk-swf</marc:subfield>
            <marc:subfield code="8">8\p</marc:subfield>
            <marc:subfield code="8">11\p</marc:subfield>
        </marc:datafield>
        <marc:datafield ind2="7" ind1="0" tag="650">
            <marc:subfield code="a">Kindertheologie</marc:subfield>
            <marc:subfield code="0">(DE-588)7671722-7</marc:subfield>
            <marc:subfield code="2">gnd</marc:subfield>
            <marc:subfield code="9">rswk-swf</marc:subfield>
            <marc:subfield code="8">8\p</marc:subfield>
            <marc:subfield code="8">11\p</marc:subfield>
        </marc:datafield>
        <marc:datafield ind2=" " ind1=" " tag="653">
            <marc:subfield code="a">(Produktform)Book</marc:subfield>
            <marc:subfield code="8">12\p</marc:subfield>
        </marc:datafield>
        <marc:datafield ind2=" " ind1=" " tag="653">
            <marc:subfield code="a">(VLB-WN)1540: Hardcover, Softcover / Religion/Theologie</marc:subfield>
            <marc:subfield code="8">12\p</marc:subfield>
        </marc:datafield>
        <marc:datafield ind2=" " ind1=" " tag="653">
            <marc:subfield code="a">Book ; Produktform</marc:subfield>
            <marc:subfield code="8">8\p</marc:subfield>
        </marc:datafield>
        <marc:datafield ind2=" " ind1=" " tag="653">
            <marc:subfield code="a">children</marc:subfield>
            <marc:subfield code="8">5\p</marc:subfield>
            <marc:subfield code="8">8\p</marc:subfield>
            <marc:subfield code="8">12\p</marc:subfield>
            <marc:subfield code="8">14\p</marc:subfield>
        </marc:datafield>
        <marc:datafield ind2=" " ind1=" " tag="653">
            <marc:subfield code="a">congress</marc:subfield>
            <marc:subfield code="8">5\p</marc:subfield>
            <marc:subfield code="8">8\p</marc:subfield>
            <marc:subfield code="8">12\p</marc:subfield>
            <marc:subfield code="8">14\p</marc:subfield>
        </marc:datafield>
        <marc:datafield ind2=" " ind1=" " tag="653">
            <marc:subfield code="a">philosophy</marc:subfield>
            <marc:subfield code="8">5\p</marc:subfield>
            <marc:subfield code="8">8\p</marc:subfield>
            <marc:subfield code="8">12\p</marc:subfield>
            <marc:subfield code="8">14\p</marc:subfield>
        </marc:datafield>
        <marc:datafield ind2=" " ind1=" " tag="653">
            <marc:subfield code="a">research project</marc:subfield>
            <marc:subfield code="8">5\p</marc:subfield>
            <marc:subfield code="8">8\p</marc:subfield>
            <marc:subfield code="8">12\p</marc:subfield>
            <marc:subfield code="8">14\p</marc:subfield>
        </marc:datafield>
        <marc:datafield ind2=" " ind1=" " tag="653">
            <marc:subfield code="a">spiritualtity</marc:subfield>
            <marc:subfield code="8">5\p</marc:subfield>
            <marc:subfield code="8">8\p</marc:subfield>
            <marc:subfield code="8">12\p</marc:subfield>
            <marc:subfield code="8">14\p</marc:subfield>
        </marc:datafield>
        <marc:datafield ind2=" " ind1=" " tag="653">
            <marc:subfield code="a">theology</marc:subfield>
            <marc:subfield code="8">5\p</marc:subfield>
            <marc:subfield code="8">8\p</marc:subfield>
            <marc:subfield code="8">12\p</marc:subfield>
            <marc:subfield code="8">14\p</marc:subfield>
        </marc:datafield>
        <marc:datafield ind2="6" ind1=" " tag="653">
            <marc:subfield code="a">Electronic books</marc:subfield>
            <marc:subfield code="8">11\p</marc:subfield>
        </marc:datafield>
        <marc:datafield ind2="7" ind1=" " tag="655">
            <marc:subfield code="0">(DE-588)1071861417</marc:subfield>
            <marc:subfield code="0">https://d-nb.info/gnd/1071861417</marc:subfield>
            <marc:subfield code="0">(DE-101)1071861417</marc:subfield>
            <marc:subfield code="a">Konferenzschrift</marc:subfield>
            <marc:subfield code="y">2013</marc:subfield>
            <marc:subfield code="z">Trondheim</marc:subfield>
            <marc:subfield code="2">gnd-content</marc:subfield>
            <marc:subfield code="8">12\p</marc:subfield>
            <marc:subfield code="8">15\p</marc:subfield>
            <marc:subfield code="8">14\p</marc:subfield>
        </marc:datafield>
        <marc:datafield ind2="7" ind1=" " tag="655">
            <marc:subfield code="a">Konferenzschrift</marc:subfield>
            <marc:subfield code="y">2013</marc:subfield>
            <marc:subfield code="z">Trondheim</marc:subfield>
            <marc:subfield code="0">(DE-588)1071861417</marc:subfield>
            <marc:subfield code="0">(DE-627)826484824</marc:subfield>
            <marc:subfield code="0">(DE-576)433375485</marc:subfield>
            <marc:subfield code="2">gnd-content</marc:subfield>
            <marc:subfield code="8">9\p</marc:subfield>
            <marc:subfield code="8">10\p</marc:subfield>
        </marc:datafield>
        <marc:datafield ind2="7" ind1=" " tag="655">
            <marc:subfield code="a">Konferenzschrift</marc:subfield>
            <marc:subfield code="y">2013</marc:subfield>
            <marc:subfield code="z">Trondheim</marc:subfield>
            <marc:subfield code="0">(DE-588)1071861417</marc:subfield>
            <marc:subfield code="0">(DE-603)359646190</marc:subfield>
            <marc:subfield code="2">gnd-content</marc:subfield>
            <marc:subfield code="8">6\p</marc:subfield>
            <marc:subfield code="8">7\p</marc:subfield>
        </marc:datafield>
        <marc:datafield ind2="7" ind1=" " tag="655">
            <marc:subfield code="0">(DE-588)1071861417</marc:subfield>
            <marc:subfield code="a">Konferenzschrift</marc:subfield>
            <marc:subfield code="2">gnd-content</marc:subfield>
            <marc:subfield code="8">8\p</marc:subfield>
            <marc:subfield code="8">11\p</marc:subfield>
        </marc:datafield>
        <marc:datafield ind2="7" ind1=" " tag="655">
            <marc:subfield code="a">Konferenzschrift</marc:subfield>
            <marc:subfield code="y">2013</marc:subfield>
            <marc:subfield code="z">Trondheim</marc:subfield>
            <marc:subfield code="0">(DE-588)1071861417</marc:subfield>
            <marc:subfield code="2">gnd-content</marc:subfield>
            <marc:subfield code="8">5\p</marc:subfield>
        </marc:datafield>
        <marc:datafield ind2="7" ind1=" " tag="655">
            <marc:subfield code="a">Kongress</marc:subfield>
            <marc:subfield code="z">Trondheim &lt;2013&gt;</marc:subfield>
            <marc:subfield code="9">rswk-swf</marc:subfield>
            <marc:subfield code="2">gnd</marc:subfield>
            <marc:subfield code="8">12\p</marc:subfield>
            <marc:subfield code="8">12\p</marc:subfield>
        </marc:datafield>
        <marc:datafield ind2=" " ind1="0" tag="689">
            <marc:subfield code="5">AT-OBV</marc:subfield>
            <marc:subfield code="5">UBWMHR</marc:subfield>
            <marc:subfield code="8">2\p</marc:subfield>
        </marc:datafield>
        <marc:datafield ind2=" " ind1="0" tag="689">
            <marc:subfield code="5">DE-101</marc:subfield>
            <marc:subfield code="8">9\p</marc:subfield>
            <marc:subfield code="8">10\p</marc:subfield>
        </marc:datafield>
        <marc:datafield ind2=" " ind1="0" tag="689">
            <marc:subfield code="5">DE-101</marc:subfield>
            <marc:subfield code="5">DE-101</marc:subfield>
            <marc:subfield code="8">12\p</marc:subfield>
            <marc:subfield code="8">14\p</marc:subfield>
        </marc:datafield>
        <marc:datafield ind2=" " ind1="0" tag="689">
            <marc:subfield code="5">DE-604</marc:subfield>
            <marc:subfield code="8">8\p</marc:subfield>
            <marc:subfield code="8">11\p</marc:subfield>
        </marc:datafield>
        <marc:datafield ind2="0" ind1="0" tag="689">
            <marc:subfield code="0">(DE-588)7671722-7</marc:subfield>
            <marc:subfield code="0">https://d-nb.info/gnd/7671722-7</marc:subfield>
            <marc:subfield code="0">(DE-101)996418067</marc:subfield>
            <marc:subfield code="D">s</marc:subfield>
            <marc:subfield code="a">Kindertheologie</marc:subfield>
            <marc:subfield code="8">12\p</marc:subfield>
            <marc:subfield code="8">19\p</marc:subfield>
            <marc:subfield code="8">14\p</marc:subfield>
        </marc:datafield>
        <marc:datafield ind2="0" ind1="0" tag="689">
            <marc:subfield code="D">s</marc:subfield>
            <marc:subfield code="0">(DE-588)7671722-7</marc:subfield>
            <marc:subfield code="0">(DE-627)608123781</marc:subfield>
            <marc:subfield code="0">(DE-576)310341183</marc:subfield>
            <marc:subfield code="a">Kindertheologie</marc:subfield>
            <marc:subfield code="2">gnd</marc:subfield>
            <marc:subfield code="8">9\p</marc:subfield>
            <marc:subfield code="8">10\p</marc:subfield>
        </marc:datafield>
        <marc:datafield ind2="0" ind1="0" tag="689">
            <marc:subfield code="a">Kind</marc:subfield>
            <marc:subfield code="0">(DE-588)4030550-8</marc:subfield>
            <marc:subfield code="D">s</marc:subfield>
            <marc:subfield code="8">11\p</marc:subfield>
        </marc:datafield>
        <marc:datafield ind2="0" ind1="0" tag="689">
            <marc:subfield code="a">Kindertheologie</marc:subfield>
            <marc:subfield code="D">s</marc:subfield>
            <marc:subfield code="0">(DE-588)7671722-7</marc:subfield>
            <marc:subfield code="8">2\p</marc:subfield>
            <marc:subfield code="8">5\p</marc:subfield>
            <marc:subfield code="8">8\p</marc:subfield>
        </marc:datafield>
        <marc:datafield ind2="1" ind1="0" tag="689">
            <marc:subfield code="a">Philosophie</marc:subfield>
            <marc:subfield code="0">(DE-588)4045791-6</marc:subfield>
            <marc:subfield code="D">s</marc:subfield>
            <marc:subfield code="8">11\p</marc:subfield>
        </marc:datafield>
        <marc:datafield ind2="1" ind1="0" tag="689">
            <marc:subfield code="a">Kongress</marc:subfield>
            <marc:subfield code="A">f</marc:subfield>
            <marc:subfield code="8">2\p</marc:subfield>
            <marc:subfield code="8">12\p</marc:subfield>
        </marc:datafield>
        <marc:datafield ind2="2" ind1="0" tag="689">
            <marc:subfield code="a">Trondheim &lt;2013&gt;</marc:subfield>
            <marc:subfield code="A">g</marc:subfield>
            <marc:subfield code="8">2\p</marc:subfield>
            <marc:subfield code="8">12\p</marc:subfield>
        </marc:datafield>
        <marc:datafield ind2=" " ind1="1" tag="689">
            <marc:subfield code="5">DE-101</marc:subfield>
            <marc:subfield code="8">9\p</marc:subfield>
            <marc:subfield code="8">10\p</marc:subfield>
        </marc:datafield>
        <marc:datafield ind2=" " ind1="1" tag="689">
            <marc:subfield code="5">DE-101</marc:subfield>
            <marc:subfield code="5">DE-101</marc:subfield>
            <marc:subfield code="8">12\p</marc:subfield>
            <marc:subfield code="8">14\p</marc:subfield>
        </marc:datafield>
        <marc:datafield ind2=" " ind1="1" tag="689">
            <marc:subfield code="5">DE-604</marc:subfield>
            <marc:subfield code="8">8\p</marc:subfield>
            <marc:subfield code="8">11\p</marc:subfield>
        </marc:datafield>
        <marc:datafield ind2="0" ind1="1" tag="689">
            <marc:subfield code="0">(DE-588)4030550-8</marc:subfield>
            <marc:subfield code="0">https://d-nb.info/gnd/4030550-8</marc:subfield>
            <marc:subfield code="0">(DE-101)040305503</marc:subfield>
            <marc:subfield code="D">s</marc:subfield>
            <marc:subfield code="a">Kind</marc:subfield>
            <marc:subfield code="8">12\p</marc:subfield>
            <marc:subfield code="8">21\p</marc:subfield>
            <marc:subfield code="8">14\p</marc:subfield>
        </marc:datafield>
        <marc:datafield ind2="0" ind1="1" tag="689">
            <marc:subfield code="D">s</marc:subfield>
            <marc:subfield code="0">(DE-588)4030550-8</marc:subfield>
            <marc:subfield code="0">(DE-627)104360100</marc:subfield>
            <marc:subfield code="0">(DE-576)208988165</marc:subfield>
            <marc:subfield code="a">Kind</marc:subfield>
            <marc:subfield code="2">gnd</marc:subfield>
            <marc:subfield code="8">9\p</marc:subfield>
            <marc:subfield code="8">10\p</marc:subfield>
        </marc:datafield>
        <marc:datafield ind2="0" ind1="1" tag="689">
            <marc:subfield code="a">Kind</marc:subfield>
            <marc:subfield code="D">s</marc:subfield>
            <marc:subfield code="0">(DE-588)4030550-8</marc:subfield>
            <marc:subfield code="8">5\p</marc:subfield>
            <marc:subfield code="8">8\p</marc:subfield>
        </marc:datafield>
        <marc:datafield ind2="0" ind1="1" tag="689">
            <marc:subfield code="a">Kindertheologie</marc:subfield>
            <marc:subfield code="0">(DE-588)7671722-7</marc:subfield>
            <marc:subfield code="D">s</marc:subfield>
            <marc:subfield code="8">11\p</marc:subfield>
        </marc:datafield>
        <marc:datafield ind2="1" ind1="1" tag="689">
            <marc:subfield code="0">(DE-588)4045791-6</marc:subfield>
            <marc:subfield code="0">https://d-nb.info/gnd/4045791-6</marc:subfield>
            <marc:subfield code="0">(DE-101)040457915</marc:subfield>
            <marc:subfield code="D">s</marc:subfield>
            <marc:subfield code="a">Philosophie</marc:subfield>
            <marc:subfield code="8">12\p</marc:subfield>
            <marc:subfield code="8">23\p</marc:subfield>
            <marc:subfield code="8">14\p</marc:subfield>
        </marc:datafield>
        <marc:datafield ind2="1" ind1="1" tag="689">
            <marc:subfield code="D">s</marc:subfield>
            <marc:subfield code="0">(DE-588)4045791-6</marc:subfield>
            <marc:subfield code="0">(DE-627)106200259</marc:subfield>
            <marc:subfield code="0">(DE-576)209066873</marc:subfield>
            <marc:subfield code="a">Philosophie</marc:subfield>
            <marc:subfield code="2">gnd</marc:subfield>
            <marc:subfield code="8">9\p</marc:subfield>
            <marc:subfield code="8">10\p</marc:subfield>
        </marc:datafield>
        <marc:datafield ind2="1" ind1="1" tag="689">
            <marc:subfield code="a">Philosophie</marc:subfield>
            <marc:subfield code="D">s</marc:subfield>
            <marc:subfield code="0">(DE-588)4045791-6</marc:subfield>
            <marc:subfield code="8">5\p</marc:subfield>
            <marc:subfield code="8">8\p</marc:subfield>
        </marc:datafield>
        <marc:datafield ind2="2" ind1="1" tag="689">
            <marc:subfield code="A">f</marc:subfield>
            <marc:subfield code="a">Kongress</marc:subfield>
            <marc:subfield code="8">12\p</marc:subfield>
        </marc:datafield>
        <marc:datafield ind2="3" ind1="1" tag="689">
            <marc:subfield code="A">g</marc:subfield>
            <marc:subfield code="a">Trondheim &lt;2013&gt;</marc:subfield>
            <marc:subfield code="8">12\p</marc:subfield>
        </marc:datafield>
        <marc:datafield ind2=" " ind1="1" tag="700">
            <marc:subfield code="0">(DE-588)128623454</marc:subfield>
            <marc:subfield code="0">https://d-nb.info/gnd/128623454</marc:subfield>
            <marc:subfield code="0">(DE-101)128623454</marc:subfield>
            <marc:subfield code="a">Freudenberger-Lötz, Petra</marc:subfield>
            <marc:subfield code="d">1966-</marc:subfield>
            <marc:subfield code="e">Herausgeber</marc:subfield>
            <marc:subfield code="4">edt</marc:subfield>
            <marc:subfield code="2">gnd</marc:subfield>
            <marc:subfield code="8">12\p</marc:subfield>
        </marc:datafield>
        <marc:datafield ind2=" " ind1="1" tag="700">
            <marc:subfield code="8">4\p</marc:subfield>
            <marc:subfield code="a">Freudenberger-Lötz, Petra</marc:subfield>
            <marc:subfield code="d">1966-</marc:subfield>
            <marc:subfield code="e">HerausgeberIn</marc:subfield>
            <marc:subfield code="0">(DE-588)128623454</marc:subfield>
            <marc:subfield code="0">(DE-627)376566906</marc:subfield>
            <marc:subfield code="0">(DE-576)173219659</marc:subfield>
            <marc:subfield code="4">edt</marc:subfield>
            <marc:subfield code="8">3\p</marc:subfield>
        </marc:datafield>
        <marc:datafield ind2=" " ind1="1" tag="700">
            <marc:subfield code="a">Freudenberger-Lötz, Petra</marc:subfield>
            <marc:subfield code="d">1966-</marc:subfield>
            <marc:subfield code="e">Hrsg.</marc:subfield>
            <marc:subfield code="0">(DE-588)128623454</marc:subfield>
            <marc:subfield code="0">(DE-627)376566906</marc:subfield>
            <marc:subfield code="0">(DE-576)173219659</marc:subfield>
            <marc:subfield code="4">edt</marc:subfield>
            <marc:subfield code="8">9\p</marc:subfield>
            <marc:subfield code="8">10\p</marc:subfield>
        </marc:datafield>
        <marc:datafield ind2=" " ind1="1" tag="700">
            <marc:subfield code="a">Freudenberger-Lötz, Petra</marc:subfield>
            <marc:subfield code="d">1966-</marc:subfield>
            <marc:subfield code="e">Herausgeber</marc:subfield>
            <marc:subfield code="4">edt</marc:subfield>
            <marc:subfield code="0">(DE-603)159095905</marc:subfield>
            <marc:subfield code="0">(DE-588)128623454</marc:subfield>
            <marc:subfield code="2">gnd</marc:subfield>
            <marc:subfield code="8">6\p</marc:subfield>
            <marc:subfield code="8">7\p</marc:subfield>
        </marc:datafield>
        <marc:datafield ind2=" " ind1="1" tag="700">
            <marc:subfield code="a">Freudenberger-Lötz, Petra</marc:subfield>
            <marc:subfield code="d">1966-</marc:subfield>
            <marc:subfield code="0">(DE-588)128623454</marc:subfield>
            <marc:subfield code="4">edt</marc:subfield>
            <marc:subfield code="8">2\p</marc:subfield>
            <marc:subfield code="8">8\p</marc:subfield>
        </marc:datafield>
        <marc:datafield ind2=" " ind1="1" tag="700">
            <marc:subfield code="a">Freudenberger-Lötz, Petra</marc:subfield>
            <marc:subfield code="d">1966-</marc:subfield>
            <marc:subfield code="0">(DE-588)128623454</marc:subfield>
            <marc:subfield code="4">edt</marc:subfield>
            <marc:subfield code="e">Herausgeber</marc:subfield>
            <marc:subfield code="8">5\p</marc:subfield>
        </marc:datafield>
        <marc:datafield ind2=" " ind1="1" tag="700">
            <marc:subfield code="a">Büttner, Gerhard</marc:subfield>
            <marc:subfield code="e">Herausgeber</marc:subfield>
            <marc:subfield code="4">edt</marc:subfield>
            <marc:subfield code="0">(DE-603)140220119</marc:subfield>
            <marc:subfield code="8">6\p</marc:subfield>
            <marc:subfield code="8">7\p</marc:subfield>
        </marc:datafield>
        <marc:datafield ind2=" " ind1="1" tag="700">
            <marc:subfield code="8">13\p</marc:subfield>
            <marc:subfield code="a">Büttner, Gerhard</marc:subfield>
            <marc:subfield code="e">Herausgeber</marc:subfield>
            <marc:subfield code="4">edt</marc:subfield>
            <marc:subfield code="8">12\p</marc:subfield>
            <marc:subfield code="8">17\p</marc:subfield>
            <marc:subfield code="8">14\p</marc:subfield>
        </marc:datafield>
        <marc:datafield ind2=" " ind1="1" tag="700">
            <marc:subfield code="a">Büttner, Gerhard</marc:subfield>
            <marc:subfield code="e">HerausgeberIn</marc:subfield>
            <marc:subfield code="4">edt</marc:subfield>
            <marc:subfield code="8">3\p</marc:subfield>
        </marc:datafield>
        <marc:datafield ind2=" " ind1="1" tag="700">
            <marc:subfield code="a">Büttner, Gerhard</marc:subfield>
            <marc:subfield code="e">Hrsg.</marc:subfield>
            <marc:subfield code="4">edt</marc:subfield>
            <marc:subfield code="8">1\p</marc:subfield>
        </marc:datafield>
        <marc:datafield ind2=" " ind1="1" tag="700">
            <marc:subfield code="a">Büttner, Gerhard</marc:subfield>
            <marc:subfield code="e">editor</marc:subfield>
            <marc:subfield code="4">oth</marc:subfield>
            <marc:subfield code="8">11\p</marc:subfield>
        </marc:datafield>
        <marc:datafield ind2=" " ind1="1" tag="700">
            <marc:subfield code="a">Freudenberger-Lötz, Petra</marc:subfield>
            <marc:subfield code="e">editor</marc:subfield>
            <marc:subfield code="4">oth</marc:subfield>
            <marc:subfield code="8">11\p</marc:subfield>
        </marc:datafield>
        <marc:datafield ind2=" " ind1=" " tag="883">
            <marc:subfield code="8">16\p</marc:subfield>
            <marc:subfield code="a">cgwrk</marc:subfield>
            <marc:subfield code="d">20210314</marc:subfield>
            <marc:subfield code="q">DE-101</marc:subfield>
            <marc:subfield code="u">https://d-nb.info/provenance/plan#cgwrk</marc:subfield>
        </marc:datafield>
        <marc:datafield ind2=" " ind1=" " tag="883">
            <marc:subfield code="8">4\p</marc:subfield>
            <marc:subfield code="a">cgwrk</marc:subfield>
            <marc:subfield code="d">20241001</marc:subfield>
            <marc:subfield code="q">DE-101</marc:subfield>
            <marc:subfield code="u">https://d-nb.info/provenance/plan#cgwrk</marc:subfield>
        </marc:datafield>
        <marc:datafield ind2=" " ind1="1" tag="883">
            <marc:subfield code="8">17\p</marc:subfield>
            <marc:subfield code="a">npi</marc:subfield>
            <marc:subfield code="d">20200611</marc:subfield>
            <marc:subfield code="q">DE-101</marc:subfield>
            <marc:subfield code="u">https://d-nb.info/provenance/plan#npi</marc:subfield>
        </marc:datafield>
        <marc:datafield ind2=" " ind1="1" tag="883">
            <marc:subfield code="8">13\p</marc:subfield>
            <marc:subfield code="a">vlb</marc:subfield>
            <marc:subfield code="d">20200611</marc:subfield>
            <marc:subfield code="q">DE-101</marc:subfield>
            <marc:subfield code="u">https://d-nb.info/provenance/plan#vlb</marc:subfield>
        </marc:datafield>
        <marc:datafield ind2=" " ind1="2" tag="883">
            <marc:subfield code="8">26\p</marc:subfield>
            <marc:subfield code="a">dnb</marc:subfield>
            <marc:subfield code="d">20160216</marc:subfield>
            <marc:subfield code="q">DE-101</marc:subfield>
            <marc:subfield code="u">https://d-nb.info/provenance/plan#dnb</marc:subfield>
        </marc:datafield>
        <marc:datafield ind2=" " ind1="2" tag="883">
            <marc:subfield code="8">15\p</marc:subfield>
            <marc:subfield code="a">dnb-pa</marc:subfield>
            <marc:subfield code="d">20250303</marc:subfield>
            <marc:subfield code="q">DE-101</marc:subfield>
            <marc:subfield code="u">https://d-nb.info/provenance/plan#dnb-pa</marc:subfield>
            <marc:subfield code="8">18\p</marc:subfield>
            <marc:subfield code="8">19\p</marc:subfield>
            <marc:subfield code="8">20\p</marc:subfield>
            <marc:subfield code="8">21\p</marc:subfield>
            <marc:subfield code="8">22\p</marc:subfield>
            <marc:subfield code="8">23\p</marc:subfield>
            <marc:subfield code="8">25\p</marc:subfield>
        </marc:datafield>
    </marc:record>
</marc:collection>
